2838 4826
1092 273 1213 370 noa

124 471 254 559 Atque
279 466 349 548 ita,
382 468 424 534 ot
448 483 551 532 unum
577 479 625 537 ιιι
640 459 815 532 hlansonie
839 459 1005 548 exemplis
1032 425 1180 546 tangam,
1265 477 1276 519 ι

123 595 200 642 non
228 573 296 642 iam
329 569 451 638 mirum
479 561 670 648 ridebitur,
705 565 797 654 qnod
822 564 981 650 Agesilai
1010 564 1179 652 expeditio

122 676 348 751 Acarnaniea
372 670 529 796 pluribus
557 693 657 760 quiam
687 689 799 758 pugna
820 667 1000 739 enidensis
1023 667 1178 756 exposita
1231 691 1233 698 ·
1319 655 1321 668 ¹

121 788 197 850 eet.
229 775 314 848 Neo
339 778 427 843 enim
451 777 487 842 in
507 776 591 842 solo
602 775 768 863 Agesilao
790 772 826 842 id
846 773 995 853 factum,
1019 771 1155 840 etiam
1142 795 1179 842 ιιι

117 884 302 976 Iphicrate
321 879 529 950 Atheniensi
554 880 748 946 conminus
775 894 859 946 eum
874 875 1036 945 Maneone
1061 877 1179 946 mirari

121 1007 269 1078 posses,
296 982 388 1074 quod
408 984 532 1072 quihus
553 983 708 1052 artificiis
728 982 789 1050 illc
810 982 953 1050 classem
973 979 1015 1046 ed
1033 1001 1179 1104 pugnarn

117 1093 215 1173 ¹hene
244 1087 518 1182 praeparaverit,
528 1095 712 1174 accurate
738 1085 930 1172 cognoscis,
965 1081 1047 1150 ιιι·
1035 1086 1179 1173 imperio

122 1193 300 1262 maritimo
319 1199 451 1273 autem,
472 1188 565 1279 quod
577 1191 807 1262 Athenienses
828 1189 898 1256 illa
910 1195 1021 1282 aetate
1038 1193 1178 1278 recupe-

121 1304 266 1383 rarunt,
286 1319 348 1368 nec
367 1293 535 1386 quomodo
556 1293 594 1362 id
613 1295 681 1364 sihi
700 1293 989 1412 comparaverint,
1015 1313 1077 1360 nec
1094 1313 1178 1382 qua·

123 1403 229 1472 tenus
244 1401 467 1494 pertinuerit,
489 1397 601 1469 audis.
696 1479 698 1490 Α
1046 1423 1050 1432 ‘

111 1572 115 1582 ,
227 1537 361 1604 Deinde
371 1539 522 1626 propter
538 1533 679 1600 eandem
700 1531 969 1599 imbecillitatem
988 1529 1179 1624 Xenophon

122 1653 188 1708 nec'
209 1640 246 1705 in
265 1657 386 1722 causas
404 1657 519 1703 rerum
541 1635 646 1701 altius
668 1642 843 1723 penetrat,
863 1655 924 1702 nec
939 1635 1012 1703 fere
1025 1637 1178 1705 internas
1269 1641 1271 1646 '

123 1761 185 1807 res
198 1725 348 1828 spectat,
370 1761 457 1827 quae
479 1745 638 1828 quantam
657 1759 759 1828 saepe
779 1737 1108 1810 etiamsin'extcrnis
1122 1764 1177 1809 re-

79 1893 83 1904 .
123 1843 192 1910 irus
207 1844 367 1910 momenti
389 1841 553 1926 habeant,
572 1863 682 1936 ''qunm
703 1841 902 1908 facillinium
922 1842 1098 1912 intellectu
1119 1847 1178 1930 sit,

125 1955 240 2016 tamen
263 1947 305 2014 ah
325 1947 387 2015 illo
407 1947 509 2038 saepe
532 1969 598 2014 non
619 1945 829 2014 intellectum
849 1951 922 2031 est,
944 1951 1009 2014 'nec
1030 1945 1177 2040 denique

124 2051 165 2118 id
189 2053 292 2134 facit,
320 2051 356 2119 in
382 2073 450 2140 quo
473 2049 564 2118 haud
590 2073 670 2117 raro
691 2071 822 2148 summa
846 2049 1085 2119 historicorum
1107 2051 1177 2120 vir·

124 2161 185 2222 tus
216 2155 386 2240 cernitur,
416 2161 459 2223 ut
483 2154 574 2220 han'd
598 2176 708 2244 pauca
735 2175 842 2242 eaque
870 2176 937 2222 non
958 2154 1070 2222 minus
1094 2176 1176 2225 vera

124 2258 357 2326 concludendo
390 2265 451 2324 aut
479 2255 696 2324 coniectando
723 2259 915 2366 suppleant.
971 2258 1082 2328 Vides
1110 2261 1176 2348 igi-

125 2367 185 2428 tur
219 2363 361 2429 alteram
389 2381 546 2444 causam,
583 2383 646 2428 cur
673 2359 809 2427 rnulta
810 2381 911 2460 saepo
941 2363 1067 2431 omissa
1089 2364 1176 2448 sint,

33 2480 41 2492 ·
125 2487 214 2554 quae
233 2487 320 2531 nune
341 2471 402 2532 aut
423 2465 615 2545 coniectura
638 2471 698 2532 aut
717 2487 757 2530 ex
775 2461 957 2533 Plutarcho
979 2465 1177 2536 Diodorovo

126 2567 274 2657 adiicere
295 2557 477 2656 cogimur·
508 2551 709 2654 Eademque
723 2569 880 2658 pietatis
886 2577 1080 2656 causaest,
1106 2595 1176 2664 qua

125 2647 234 2744 multa
253 2675 314 2741 ille
338 2679 398 2739 aut
420 2665 589 2762 sapientia
607 2670 754 2737 humana·
764 2693 946 2762 praesensa
966 2683 1026 2743 aut
1043 2677 1175 2744 viribus

43 2807 46 2814 ’
124 2769 279 2848 humanis
309 2781 406 2864 gesta
424 2771 503 2842 ad·
490 2793 643 2865 rpsorum
665 2771 804 2863 deorum
825 2797 987 2866 praesens
1012 2777 1175 2846 auxilium

124 2883 243 2954 refert.
287 2877 380 2951 Num
396 2878 521 2968 igitur,
541 2885 582 2947 ut
595 2877 656 2946 hoc
671 2883 804 2970 quoque
816 2882 891 2947 loco
904 2883 1016 2971 plura
1037 2888 1078 2950 nt
1092 2884 1175 2950 mihi

57 3030 60 3044 ι
125 2985 259 3067 videor,
294 3005 361 3051 uno
383 2981 558 3052 Mansonis
586 2983 738 3072 exemplo
766 2983 928 3066 refutem,
961 3007 1040 3052 nnm
1069 2987 1174 3056 nimio

124 3085 239 3159 studio
261 3089 389 3156 iactum
410 3079 598 3174 videbitur,
620 3085 712 3178 quod
728 3087 915 3175 Agesilaus
936 3087 1028 3176 (111,
1043 3091 1084 3171 4,
1100 3090 1175 3178 15.)

36 3195 42 3214 ⁸
125 3199 267 3282 propter
288 3191 430 3260 adversa
452 3200 567 3273 saera,
595 3199 819 3292 nonpropter
840 3189 1173 3262 aliasresadversas
1302 3255 1310 3266 ,
1382 3179 1385 3188 ⁴

126 3319 167 3406 ex
182 3293 332 3382 Phrygia
347 3285 385 3364 ιι
397 3295 566 3384 recepisse
581 3283 730 3364 dicitur?
836 3379 839 3386 Ι

228 3429 381 3516 Denique
401 3451 441 3496 ex
461 3429 525 3498 hoo
539 3431 613 3500 eius
628 3429 761 3519 ingenio
776 3431 878 3500 etiam
892 3429 994 3498 nimia
1009 3425 1174 3520 quaedam
1278 3421 1280 3426 ’

86 3561 92 3570 ·
127 3531 306 3622 admiratio
325 3531 440 3617 fluxit3
468 3553 536 3620 quo
556 3537 644 3630 enirn
661 3525 804 3626 quisque
817 3536 892 3624 ipse
911 3535 1022 3602 minu-s
1040 3533 1175 3622 ingenio

127 3639 235 3722 ualet,
252 3660 294 3708 eo
308 3637 439 3712 caecior
450 3637 540 3704 solet
553 3659 629 3708 esse
645 3641 789 3708 aliorum
804 3639 1002 3710 admirator.
1215 3627 1219 3646 '

196 3809 200 3823 ·
226 3770 300 3840 lam
319 3771 427 3859 igitur
447 3773 543 3862 ipsos
559 3774 713 3862 singulos
727 3775 820 3842 locos
834 3773 1101 3843 consideremus.¹
1140 3767 1175 3836 Ii
1198 3735 1208 3822 y·
1260 3809 1261 3817 ι

128 3881 238 3946 eutem
261 3877 313 3944 sic
330 3877 518 3965 comparati
534 3885 635 3963 sunt,
661 3885 702 3976 ut
716 3880 782 3947 nisi
804 3881 886 3948 hoec
898 3878 942 3946 de
953 3877 1088 3967 ingenio
1103 3871 1175 3940 ‹lis-

126 3989 320 4076 puteercm,
353 3981 513 4118 proiecto·
531 3983 715 4068 nescirem,
741 3977 834 4076 -quia
862 3983 979 4160 iodicsii
1011 3981 1173 4052 iacerem.
