2802 4830
115 483 315 554 nnirsrsnm
335 425 551 570 tiimmjnno
572 475 698 552 tndteio
717 473 955 570 eomprehendi
972 509 1017 528 ·-
1034 473 1172 546 initiet·
1272 497 1274 503 ⁴

115 595 235 658 entem
249 585 451 669 Weiskins‚
469 586 563 652 illam
582 583 861 672 vituperationem
882 589 1012 649 tentum
1032 581 1066 647 in
1081 603 1166 668 qne·

13 723 22 750 r
116 701 202 762 tuor
224 692 411 782 ¹quinqueve
436 691 548 781 eapite
567 686 775 776 libripnimi
800 685 921 752 eadere
950 684 998 773 (v.
1021 683 1177 774 Qn·eest.'

117 801 206 878 etot,
234 817 269 884 p.
288 792 390 862 XXI.
412 815 488 882 eqq.
517 791 689 863 XXVIII.
715 790 807 880 sqq.)
831 808 893 856 -ι
912 794 955 885 ,ει
975 787 1167 858 ereuzerss

117 897 355 985 (Historisehe
374 893 491 964 Kunst
511 896 572 964 der
591 893 773 974 Grieehen,
796 915 831 979 p.
850 892 945 980 296.)
966 890 1003 958 id
1023 911 1066 958 ne
1085 909 1168 981 pro·

118 990 221 1068 desse
232 998 590 1090 quidemXenophonti
603 999 781 1088 quiequam
797 993 1017 1066 demonstret.
1047 993 1168 1062 Helle-

67 1187 70 1194 ·
116 1103 199 1172 nice
219 1104 306 1182 enim
329 1125 368 1172 eo
392 1104 605 1192 potissimnm
627 1101 759 1169 nomine
781 1097 1057 1190 reprehendenda
1076 1118 1168 1184 esse,
1283 1089 1298 1122 “

119 1204 215 1293 quod
237 1192 330 1274 nullo
351 1213 444 1274 oerto
460 1206 600 1283 oonsilio
620 1202 804 1294 composita
824 1201 912 1283 sint,
934 1200 970 1268 id
990 1189 1101 1286 eutem
1115 1199 1169 1270 vi-

121 1307 210 1374 tium
226 1327 292 1374 non
307 1307 417 1376 minus
434 1308 469 1376 in
486 1309 797 1376 commentariorum
813 1303 933 1396 primis
944 1306 1067 1390 lineis,
1085 1325 1170 1392 qua·

122 1410 178 1476 les
193 1410 480 1500 Wyttenbaehins
496 1411 605 1494 videt,
627 1430 808 1499 apparere,
828 1427 927 1496 quam
942 1407 1094 1496 inopere
1108 1405 1170 1472 eb-

121 1513 254 1595 soluto,
275 1521 311 1582 et
332 1515 363 1582 si
383 1513 419 1582 id
433 1516 551 1583 vitium
567 1515 601 1581 in
613 1515 690 1582 istis
704 1505 823 1604 primis
838 1513 937 1580 lineis
951 1509 1169 1578 eommiesum

120 1615 189 1700 sit,
209 1612 276 1686 non
296 1619 449 1708 potuisse
466 1621 521 1688 vel
541 1618 803 1704 diligentissima
823 1613 1050 1684 elaboratione
1066 1612 1168 1682 tollit
1226 1641 1229 1648 ’

121 1717 239 1810 iterque
264 1721 416 1808 singulas
437 1729 553 1809 partes
568 1720 702 1810 quidem
718 1722 870 1786 futurum
889 1721 1014 1802 tuisse,
1033 1723 1073 1782 nt
1088 1711 1169 1782 dili-

123 1823 259 1908 gentius
279 1823 471 1890 elaboratae
492 1823 535 1890 ed
556 1821 720 1888 maiorem·
736 1823 975 1911 perfectionem
989 1819 1169 1908 expoliret,
1248 1859 1251 1865 ι

123 1921 276 1995 ordinem
291 1930 402 1992 autem
415 1933 450 1992 et
465 1924 630 1994 delectum
643 1947 757 1994 rernm
772 1947 966 1996 mensurum
984 1924 1108 2005 fuisse,
1127 1927 1169 1990 nt

126 2033 236 2106 esset,
253 2027 522 2100 vitiosissimum.
563 2025 600 2098 N
601 2051 638 2098 eo
653 2033 767 2118 potuit
780 2033 842 2098 hoe
856 2027 992 2119 quidem
1005 2023 1170 2096 Gneuzeri

123 2128 290 2198 iudicium
303 2165 348 2180 —
365 2130 454 2198 idem
467 2131 554 2199 enim
566 2131 634 2200 inm
647 2143 724 2203 ente
737 2135 773 2200 in
787 2134 876 2202 libro
890 2131 933 2200 de
945 2131 1170 2220 Xenophonte

124 2233 289 2312 historioo
311 2232 465 2325 (Lipsiae
485 2237 601 2324 1⁷99.)
622 2239 798 2328 professus
818 2243 958 2304 eret-
980 2235 1166 2320 infringere

124 2333 308 2404 Weiskins
329 2336 365 2405 in
385 2337 527 2426 Quaest.
548 2363 653 2430 snpra
672 2341 718 2413 1.:
741 2331 854 2408 tamen
874 2359 941 2424 non
959 2337 1110 2406 telefnit
1124 2335 1169 2404 il·

125 2437 205 2521 luo,
230 2427 357 2545 inquo
378 2441 546 2530 nequisset
568 2453 696 2535 posset.
746 2442 868 2534 Itaque
889 2445 1047 2523 nonest,
1072 2434 1167 2532 quod

127 2544 304 2628 miremur,
331 2565 435 2634 quum
456 2547 524 2616 inm
544 2547 719 2618 Henekius
736 2548 774 2616 in
795 2544 1032 2612 dissertatione
1050 2543 1111 2610 ina
1131 2549 1169 2610 et

126 2647 324 2734 Krnegerus
343 2648 763 2740 incommsntr.Thuoyd.
785 2649 916 2742 priores
939 2645 1025 2716 duos
1048 2645 1168 2714 Helle-

128 2753 279 2818 nieornm
300 2749 408 2820 libies
427 2754 477 2824 ite
496 2763 591 2823 ortos
613 2777 690 2824 esse
712 2753 892 2834 dixissent,
915 2757 956 2818 nt
975 2750 1166 2840 Xenophon
1199 2813 1201 2820 ,
1231 2812 1235 2841 ,

129 2853 342 2942 Thueydidis
361 2859 618 2928 eommentnrios
642 2853 700 2948 (τά
719 2855 939 2944 ὕπομνῇμαια)
965 2853 1035 2942 ipsi
1057 2853 1167 2922 tradis
1274 2842 1286 2850 ”

127 2965 183 3026 tos
204 2958 329 3047 partim
348 2970 467 3030 enetos
487 2964 523 3031 in
542 2965 652 3044 lneem
673 2959 803 3040 ederet,
823 2958 997 3026 exstitisse
1012 2957 1168 3042 tandem,
1220 2970 1246 3008 κ’

129 3063 189 3152 qui
201 3063 364 3152 ipsoshns
375 3059 665 3158 libroszereliq‘nis
678 3085 817 3158 prorsus
832 3063 1025 3150 seiungeret
1037 3064 1168 3152 hasque
1245 3117 1248 3124 .
1320 3111 1324 3121 .

128 3166 214 3236 dues
236 3176 352 3257 portes
373 3172 557 3260 seperatim
576 3165 834 3240 considerandos
855 3173 1025 3250 eenseret‚
1055 3166 1092 3236 N
1101 3167 1169 3234 ie-

128 3271 285 3338 bnhrin
296 3293 328 3338 m
348 3269 443 3357 dieo,
461 3279 522 3366 qui
540 3278 575 3344 in
590 3271 863 3344 commentatione
878 3269 920 3338 de
933 3271 1168 3361 Xenophontis

129 3373 332 3456 Hellenieis,
353 3397 453 3464 qnam
472 3403 578 3472 supra
598 3374 799 3457 monstravi,
818 3375 897 3444 illes
910 3382 1026 3464 partes
1039 3379 1074 3440 et
1088 3397 1168 3440 eon-

131 3477 209 3546 silio
224 3484 261 3545 st
271 3477 381 3558 enimn
397 3489 434 3550 et
449 3489 617 3574 tempore,
633 3501 701 3570 quo
718 3479 929 3588 eonsepiptee
945 3479 1035 3560 sint,
1055 3475 1168 3545 diver-

132 3603 188 3650 ses
208 3603 284 3650 esse
304 3583 483 3656 ostendere
499 3585 626 3656 studet.
672 3579 730 3652 Ne
748 3575 826 3672 quis'
846 3581 957 3666 diest,
978 3579 1016 3648 id
1038 3583 1168 3650 nullius

134 3686 291 3752 momenti
316 3708 409 3771 esse,
437 3713 498 3758 neo
524 3691 571 3757 ite
598 3685 743 3752 multum
769 3684 952 3770 interesse,
978 3685 1060 3781 illae
1080 3683 1168 3751 dune

132 3795 255 3878 pertes-
272 3788 355 3858 hene
383 3814 426 3860 en
452 3791 538 3860 mele
561 3811 628 3856 une
646 3788 813 3856 volumine
833 3787 1169 3880 comprehendentur,

133 3898 192 3962 eut
212 3891 247 3958 in
266 3913 306 3958 eo
322 3898 450 3964 tontum
470 3892 608 3984 eIaned
629 3891 830 3974 Niebuhrii‚
850 3865 949 3981 quivis
967 3893 1054 3958 elius
1072 3891 1109 3984 in
1128 3911 1171 3956 ea

70 4061 73 4072 ,
132 4017 168 4064 re
182 3991 355 4079 versetur,
376 3995 529 4066 meritum
550 4019 625 4092 esse
647 3987 766 4088 posse,
788 3996 820 4064 si
843 3995 1006 4086 temporis
1027 3991 1170 4062 diversi-
