2838 4826
236 271 283 341 98

241 453 399 548 expleam,
417 447 574 521 aimimm
588 443 865 537 chimperatore,
883 463 949 524 nan
962 466 982 514 a
995 392 1294 566 militibusqaem-

148 561 151 569 '
241 563 294 630 ris
310 559 443 628 felicem
459 557 614 648 eventum
630 547 833 674 dependere.
962 565 1010 643 y·

346 703 530 788 corollarii
548 687 622 770 loeo
640 708 752 770 auteur
771 700 887 770 statim
905 699 1101 784 subiiciam,
1121 697 1234 792 quod
1234 723 1292 770 sc·
1393 737 1394 776 ι

241 813 416 934 parptim
412 809 455 877 de
475 805 676 898 quibusdam
697 805 783 882 loeis
800 827 854 870 me
868 748 1120 895 disputaturum
1138 828 1215 872 esse
1231 826 1295 871 su

242 924 308 1009 pra
329 911 528 1001 significavi.
581 909 669 978 Sunt
686 917 796 977 autem
815 909 884 976 loci
905 909 959 976 hi:
987 907 1036 989 V,
1056 913 1098 992 4,
1098 905 1219 980 ’25-
1232 912 1292 979 33.
1393 949 1394 992 ι

241 1018 333 1102 Vll,
345 1021 378 1100 3,
390 1021 423 1084 4
440 1039 517 1106 sqq.
561 1011 681 1082 Priore
694 1015 787 1081 enirn
794 1015 868 1080 loeo
883 1011 925 1080 de
938 997 1106 1104 Sphodrio
1119 1019 1293 1093 narratur,

239 1119 433 1214 quomodo'
422 1144 452 1186 rs
466 1141 528 1210 per
542 1113 718 1208 Cleonymi
732 1117 795 1184 filii
809 1117 863 1182 sui
878 1123 913 1183 et
924 1115 1124 1184 Archidami
1137 1125 1292 1184 mutuum
1393 1115 1394 1162 i

243 1233 391 1294 amorem
408 1229 562 1293 servatus
578 1223 635 1290 sit.
679 1219 773 1288 Haec
790 1220 895 1306 igitur
909 1221 1059 1290 narratio
1074 1222 1117 1290 ah
1132 1222 1197 1295 isto
1212 1243 1293 1288 con-

130 1337 148 1370 *
243 1328 322 1406 silio
345 1327 455 1411 aliena
477 1349 552 1394 esso
573 1325 725 1407 videtur,
746 1331 782 1390 at
801 1345 867 1393 non
888 1331 954 1396 est.
997 1326 1110 1395 Amor
1126 1324 1214 1390 enim
1230 1323 1292 1392 illc

241 1439 408 1522 quantum
425 1453 526 1552 saepe
542 1431 575 1496 in
592 1427 714 1518 pugnis
729 1425 888 1498 momenti
903 1431 1073 1508 attulerit,
1094 1435 1212 1495 notum
1227 1435 1292 1512 est,

96 1553 100 1558 '
243 1544 279 1604 et
313 1537 452 1602 illorum
488 1535 659 1622 ipsorum
674 1533 830 1599 iuvenum
864 1537 1018 1624 exemplo
1053 1519 1290 1622 comprobatur

243 1635 294 1726 (v.
314 1641 341 1722 ι.
358 1639 446 1724 33..)
490 1633 559 1703 Sed
580 1634 673 1702 aliud
695 1657 828 1724 quoque
850 1634 1044 1724 quiddam
1032 1661 1067 1704 m
1086 1637 1155 1705 ista
1176 1660 1287 1716 narra-

216 1792 218 1798 .
243 1739 336 1808 tione
361 1740 519 1828 cognosci
540 1738 673 1819 lieot,⁹
662 1761 736 1827 ipse
755 1739 841 1804 onim
854 1734 1043 1830 Xenophon
1062 1743 1181 1810 mirari
1170 1741 1294 1811 vide·
1393 1743 1394 1798 ἒ

227 1853 320 1924 tur,
357 1841 525 1936 quomodo
546 1839 734 1930 Sphadrias
758 1847 867 1910 morte
894 1841 1113 1932 dignissimae
1138 1840 1295 1916 tamena

186 1965 188 1974 '
218 1979 225 2007 ι
242 1949 328 2020 viris
341 1947 557 2040 probissimis
574 1969 611 2012 ae
626 1969 692 2012 non
706 1945 833 2014 iniuste
846 1945 986 2017 liberari
1001 1949 1169 2037 potuerit,
1189 1947 1296 2038 idque

100 2099 104 2106 -
242 2075 346 2143 quam
373 2051 442 2141 ipsi
465 2061 532 2118 non
560 2054 750 2131 constaret,
783 2049 861 2115 aliis
889 2049 1138 2128 diiudicandum
1164 2074 1292 2142 propo·
1393 2085 1394 2138 p

101 2223 103 2230 ,
244 2175 345 2224 noro:
346 2153 558 2242 eademque
582 2153 671 2220 ratio
693 2160 748 2220 est
768 2153 836 2221 loni
856 2149 946 2236 Vll,
965 2157 1006 2238 3,
1023 2159 1284 2244 4..ιιιιιι,ιιιιιιιιι
1393 2143 1394 2208 i

197 2298 214 2321 a
245 2262 391 2328 alterurn
413 2279 519 2348 supra
537 2257 720 2366 proposui,
742 2280 810 2347 quo
830 2255 990 2346 Euphron
1012 2283 1031 2326 a
1050 2257 1243 2352 Sicyoniis
1232 2279 1288 2326 ιιι-

197 2427 199 2432 ,
244 2372 301 2434 ste
322 2385 365 2430 an
386 2361 511 2428 iniusto
531 2357 671 2428 necatus
693 2361 741 2426 sit
762 2359 931 2446 ambigere
953 2361 1100 2432 videtur
1149 2362 1191 2432 Id
1211 2384 1292 2432 sano

244 2467 358 2536 minus
374 2463 416 2529 ad
429 2465 681 2553 imperatoriam
698 2469 804 2530 artem
819 2465 982 2554 pertinet
1006 2448 1177 2538 Possunt
1191 2470 1294 2536 etiam
1393 2499 1394 2550 ι

244 2564 387 2664 quidam¹
405 2564 464 2630 alii
487 2563 557 2632 loci
575 2563 728 2647 adiici,
717 2565 890 2656 inquibus
909 2569 1083 2654 universae
1097 2573 1213 2662 potius
1224 2573 1296 2642 vir·

165 2743 167 2748 ,
245 2671 352 2754 tatis,
380 2691 481 2758 quam
505 2667 745 2758 imperatoriae
770 2669 956 2740 admirator
975 2683 1046 2758 est,
1066 2677 1162 2744 volut
1176 2673 1242 2759 IV,
1260 2683 1296 2760 l,
1393 2713 1394 2730 ι

157 2841 160 2847 .
245 2763 738 2857 29-r40.v11‚4,6-112
779 2775 836 2844 Aa
857 2783 928 2843 tarn
947 2780 1046 2868 pauci
1065 2779 1102 2846 hi
1121 2779 1332 2864 loeisunt·

55 2863 60 2878 ’
247 2887 288 2948 ut
302 2877 387 2945 nihil
405 2875 482 2944 indo
497 2878 582 2946 volis
596 2883 714 2952 contra
730 2876 882 2966 reliquos
898 2877 1012 2950 omnes
1030 2881 1222 2973 disputare:
1243 2891 1296 2952 at-

248 3005 316 3071 que
335 2983 362 3049 ii
380 2983 467 3060 loci,
485 2993 574 3070 ‘quos
589 2988 761 3072 postremo
774 2979 864 3067 dixi,
884 2985 1127 3076 aliquantulum
1141 2999 1234 3060 corto
1252 2987 1296 3084 ad

248 3109 323 3158 rem
338 3085 519 3152 militarem
536 3087 718 3178 pertinent.

352 3233 438 3304 Mihi
454 3234 561 3322 igitur
571 3236 633 3307 ita
648 3233 802 3322 videtur,
818 3242 859 3308 ιιι
871 3237 972 3306 huius
990 3239 1113 3330 eapitis
1130 3249 1296 3310 summam

249 3338 368 3427 paucis
382 3340 602 3428 complectar,
620 3359 794 3429 quaequae
813 3341 877 3410 hoc
890 3343 1299 3430 voluminoeontinontur,

250 3449 311 3508 aut
327 3443 490 3510 communi
506 3443 559 3512 illi
573 3445 714 3512 consilio
729 3447 912 3528 inservire,
927 3443 974 3515 ιιι
993 3445 1124 3518 divinae
1141 3451 1298 3520 iustitiae

112 3621 113 3631 χ
251 3543 486 3614 documentum
501 3541 723 3632 ‘exhiheatum
752 3559 815 3620 aut
833 3548 878 3619 ad
893 3553 1129 3640 ‚explicandam
1151 3555 1300 3646 inmere-

250 3649 372 3718 toriam
393 3657 500 3716 arte'm
525 3653 714 3740 pertinere:
741 3662 906 3748 utquam
925 3655 1145 3745 Thucydides
1165 3658 1299 3730 infore

250 3754 368 3820 multis
391 3755 485 3821 visus
506 3754 554 3820 sit
568 3755 745 3824 historiam
759 3758 958 3848 scripsisse,
978 3759 1165 3850 Xenophon
1178 3769 1299 3831 eontra

249 3857 304 3922 vel
324 3858 483 3924 rectius
472 3879 507 3924 m
526 3859 597 3925 aoio
620 3883 659 3926 ao
682 3860 896 3930 dimicatione
916 3863 1073 3934 hahitare
1091 3861 1161 3934 diei
1173 3867 1297 3956 possit.

249 3955 357 4048 quue
385 3961 561 4052 paululum
589 3964 692 4034 otiam
720 3965 992 4054 confirmabitur,
1019 3971 1051 4041 si
1076 3993 1164 4060 qaae
1188 3991 1296 4063 supra
