2838 4826
221 511 289 586 qua
305 449 416 563 Maus
425 483 815 576 aaa.nsc=n..-.cmaa
827 483 936 559 hiens
949 491 1024 568 ost,
1043 503 1152 580 ιιιιιιιιι
1163 481 1267 558 iidem

221 595 588 686 whrmyhulimitttss
612 591 815 684 paplopoat
835 591 1029 663 institutum
1049 592 1137 662 illud
1159 591 1267 684 impe-

106 727 110 738 ’
222 703 315 772 bium
326 701 459 790 Phylen
478 702 643 787 occupant
663 695 708 783 (0.
721 695 785 788 3.).
828 693 963 763 Daiuda
981 717 1046 763 uon
1062 699 1169 764 multo
1184 703 1267 787 post

221 803 437 896 Lysartdmrm
457 799 647 870 Pausanias
674 798 767 868 veuit
795 798 885 887 (nam
904 799 939 866 si
958 797 1088 868 diutius
1112 807 1266 892 moratus

183 912 187 920 “
221 915 332 994 suet,
348 905 526 996 Lysander
542 901 797 992 Thrasybulum
820 904 1084 992 oppressissent
1109 926 1185 972 eum
1206 925 1267 970 au-

219 1023 291 1084 tam
319 1035 386 1082 sou
413 1011 567 1102 potuisse
592 1013 670 1076 ante
702 1014 916 1074 auctumnum
946 1008 1058 1089 mitti,
1088 1015 1279 1096 antequam,

14 1213 16 1224 Ι
64 1111 72 1128 ’
219 1115 434 1208 noviaphori
456 1115 519 1197 iis,
541 1111 694 1202 quicum
716 1107 895 1198 Lysandro
919 1111 1105 1194 faciebant,
1131 1129 1267 1180 socces-

219 1224 363 1306 sisaent‚
385 1221 507 1288 saltem
523 1213 700 1303 probabile
714 1221 784 1296 est,
805 1236 837 1283 v.
850 1237 884 1304 p.
898 1219 954 1288 46.
987 1215 1145 1305 Denique
1160 1237 1265 1304 quum

33 1395 36 1402 .
119 1345 122 1362 ·
220 1325 410 1398 Pausanias
431 1344 498 1390 uon
521 1319 580 1388 diu
603 1315 788 1394 adfuisset,
809 1340 893 1408 paca
916 1319 1093 1390 conciliata
1109 1319 1267 1410 Thrasy-

130 1500 138 1506 .
219 1433 356 1501 bulus
343 1450 418 1496 curn
431 1418 591 1492 exulibus
606 1420 724 1488 urbem
745 1420 954 1506 ingreditur·
975 1424 1067 1514 quod
1085 1431 1266 1496 aucmmno

221 1555 301 1602 auur
290 1534 394 1604 403.
406 1531 530 1596 laetum
546 1549 641 1624 esse,
661 1531 780 1598 auctor
791 1523 997 1596 Plutarchus
1010 1535 1083 1610 cst,
1103 1549 1164 1616 qur
1154 1525 1265 1594 'Roa-

218 1634 407 1706 droruicnis
425 1632 479 1700 dia
501 1615 699 1702 duodecimo.
716 1629 811 1698 illius
825 1629 955 1700 reditus
969 1633 1162 1701 memoriam
1178 1631 1266 1698 eele-

218 1741 315 1809 brari
336 1737 472 1806 solitam
495 1757 572 1804 esse
593 1740 742 1803 testatur
762 1732 805 1800 de
825 1735 913 1822 glor.
932 1735 1017 1808 Aah.
1036 1757 1071 1832 p.
1061 1739 1119 1806 ..7
1163 1729 1266 1824 Quod
1368 1818 1371 1831 1

127 1873 136 1884 “
217 1847 269 1936 ita
283 1844 415 1912 demum
428 1847 521 1908 recte
535 1842 723 1931 computari
736 1846 866 1928 potest,
885 1863 916 1906 sa
906 1825 1173 1908 'Baedromionc
1188 1835 1268 1906 anni

218 1931 298 2034 404.
318 1955 482 2068 tyrannos
498 1947 701 2012 constitutos
721 1951 757 2009 et
770 1942 997 2030 Thargelioue
1016 1945 1073 2014 vel
1084 1943 1267 2036 Soiropboss

219 2057 315 2126 riona
328 2049 473 2145 proximi
488 2071 566 2114 auur
556 2045 740 2136 depulsos
758 2045 864 2115 dicas.

321 2157 375 2226 Ex
394 2155 448 2222 bis
465 2151 619 2236 omnibus
637 2149 746 2238 igitur
762 2149 799 2218 id
793 2149 1051 2242 consequitur,
1071 2173 1174 2242 quum
1186 2171 1266 2220 vere

219 2262 392 2332 ιιιιιιί404.
406 2259 488 2326 urbs
503 2254 630 2324 tradita
645 2261 754 2339 esset,
775 2253 1016 2346 Lysandrum
1004 2279 1040 2324 ιιι
1055 2255 1192 2326 Samum
1204 2277 1268 2322 na·
1346 2311 1352 2320 ,

218 2369 353 2472 rigasse
373 2359 551 2432 dicendum
573 2362 697 2441 fuisse,
721 2359 840 2428 deiude
855 2385 875 2429 a
890 2361 1101 2432 Theramene
1121 2360 1266 2428 arcessi-

218 2480 292 2556 turn
313 2471 435 2538 iterum
449 2465 605 2552 Athenas
621 2465 773 2544 venisse,
794 2473 895 2554 atque
914 2466 1110 2555 constitutis
1130 2463 1266 2531 demum
1363 2451 1365 2458 ’

88 2607 90 2616 ⁴
218 2575 362 2662 triginta
383 2570 537 2658 tyrannis
559 2568 698 2636 Samum
720 2567 880 2652 rediisse,
907 2577 947 2636 ut
965 2569 1092 2640 bellun
1112 2567 1173 2634 hoo
1188 2566 1265 2634 lini-

153 2679 164 2712 ·
217 2683 285 2749 ret.
328 2675 429 2745 Hunc
441 2673 587 2742 reditum
602 2679 686 2763 puto
702 2674 913 2764 paragrapho
927 2678 961 2744 6.
982 2672 1164 2756 contineri,
1184 2691 1263 2738 narn

219 2782 395 2850 artabano
409 2781 657 2870 paragraphum
672 2785 869 2847 auctumuus
882 2777 948 2844 iam
963 2774 1101 2844 notatus
1116 2783 1171 2843 ast
1184 2776 1212 2858 0.
1227 2777 1264 2843 4.

218 2891 256 2954 'ct
269 2887 297 2970 §.
312 2887 347 2956 5.
386 2881 453 2952 Illa
472 2889 582 2950 autom
604 2905 690 2972 quae
711 2905 732 2950 a
754 2905 833 2952 vere
855 2870 964 2970 usque
985 2879 1028 2948 ad
1042 2885 1263 2946 ³auatumuum

193 2995 316 3078 ,gesta
340 2989 427 3072 sint,
453 2995 536 3076 puto
560 2987 738 3072 iuter§,l.
760 2987 841 3070 a't§.
858 2988 891 3054 2.
907 2977 1136 3052 intercidisse.
1185 2981 1264 3050 Hoc

216 3093 343 3164 loco
312 3115 345 3160 ιιι
362 3114 470 3183 pauca
487 3091 549 3158 illa
569 3095 748 3182 suppleas,
771 3091 881 3160 omnia
898 3093 1024 3222 optimc
1038 3109 1076 3156 sa
1089 3083 1260 3154 habebunt
1295 3095 1300 3108 '

217 3203 355 3288 praetor
376 3196 468 3262 haec
475 3193 577 3292 verba
601 3196 629 3276 0.
643 3200 716 3264 11..
744 3195 785 3263 Oi
806 3201 840 3263 δὲ
831 3199 1017 3320 ιριάκοιια
1030 3190 1190 3295 plaidacco
1202 3193 1262 3277 μὲν

217 3301 284 3370 last
303 3298 434 3385 τῶχιιπιι
452 3296 493 3366 soi
511 3291 616 3420 μαιρᾶ
635 3302 791 3384 seipas
739 3304 791 3364 καὶ
803 3291 842 3365 ad
854 3304 927 3384 napi
941 3291 996 3366 ada
1010 3286 1144 3379 liupuni
1156 3301 1263 3386 saudy-

156 3389 160 3408 '
217 3405 318 3492 pita.
340 3423 380 3468 ex
398 3399 572 3490 quibus'
542 3423 573 3468 ιι
593 3401 693 3468 haec:
713 3397 1107 3492 ᾑρέθησαν-καθῃρέθη
1129 3363 1267 3482 deleve-K

216 3505 268 3576 ris
292 3503 558 3597 particulamque
578 3509 612 3573 δὲ
637 3511 717 3593 post
734 3503 912 3590 αἱρεθέντες
933 3503 1135 3584 sustuleris,
1164 3499 1260 3584 nihil,

216 3610 309 3700 quod
332 3609 500 3678 offendere
528 3610 657 3700 possit,
689 3607 887 3676 remanebit.
946 3606 1003 3676 Sic
1034 3607 1138 3674 simul
1167 3601 1262 3672 aliud

216 3711 376 3804 quiddam
391 3715 546 3791 tollitur,
564 3712 654 3802 quod
669 3715 753 3780 satis
767 3714 944 3782 molestum
962 3717 1034 3794 est,
1051 3710 1191 3780 verbum
1205 3708 1261 3778 ai-

217 3824 353 3910 petubas
350 3815 431 3884 dico
447 3823 501 3883 ter
513 3817 673 3938 positum.

316 3919 460 4002 Restat,
497 3931 537 3986 ut
564 3920 599 3986 in
625 3921 679 3986 his
707 3917 874 4008 capitibus
898 3939 1005 4008 pauca
1028 3913 1193 4006 qrraadaru
1218 3909 1262 3981 de

214 4024 455 4112 siugulislocis
469 4023 638 4097 adiiciam.
671 4023 757 4114 Cap.
769 4019 818 4098 ll.
838 4023 906 4106 0.
907 4023 1039 4114 .igitur
1054 4015 1262 4192 postllkspis·

1203 4143 1260 4190 um
