2802 4830
217 472 325 540 tatem
347 465 515 572 adsumite
546 487 588 538 oa
614 485 733 556 snmus
753 465 897 557 indole,
912 475 953 540 ut
975 467 1057 540 libri
1081 459 1266 540 eonsilium

218 576 429 664 flagitemus,
450 575 681 664 qualeounquo
697 579 763 661 sit,
783 578 898 665 sieque
911 577 942 645 si
959 577 1012 646 vel
1025 576 1100 644 solo
1119 577 1266 668 oonsilio

112 753 117 764 x
153 678 155 682 ’
218 686 540 769 utramquepartem
555 676 691 747 differre
704 679 900 762 viderimus,
914 679 1012 748 modo
1025 703 1120 770 suum
1134 681 1268 750 utrius-

218 803 287 872 que
308 781 417 872 partis
434 783 610 850 eonsilium
629 785 721 851 olare
737 791 916 875 appareat,
937 793 974 850 et
984 781 1174 876 Xenophon
1189 786 1267 876 ipse

176 964 180 974 ,
219 884 352 976 aliquid
367 889 465 974 qussi
482 887 678 956 inerementi
692 889 803 978 capiet
816 894 851 954 et
869 908 947 954 vero
963 897 1112 974 gratum,
1134 896 1174 956 ut
1189 887 1267 977 opi-

145 1061 151 1070 ,
218 1011 301 1072 nor,
322 990 438 1058 multis
456 992 539 1072 orit,
561 992 620 1080 qui
638 1014 704 1060 nou
721 992 819 1062 modo
835 993 1010 1058 eonsilium
1025 1013 1133 1084 perse
1149 992 1264 1082 ipsum

71 1180 73 1186 Ι
217 1111 320 1160 nossa
340 1093 492 1184 cupiant,
512 1095 781 1176 verumetiam
769 1117 805 1164 ιιι
823 1094 967 1187 historia
988 1095 1083 1164 haud
1092 1117 1215 1230 parum
1225 1093 1266 1164 id

218 1195 265 1268 ad
274 1195 374 1264 iidem
389 1198 554 1266 iuteresse
569 1200 691 1270 sciant.

230 1325 233 1332 ’
319 1298 530 1368 Niebuhrius
551 1309 664 1370 autem
685 1323 788 1389 quum
808 1296 862 1365 lais
879 1319 963 1366 usus
980 1272 1073 1370 esset
1087 1319 1267 1387 argumen-

219 1399 287 1482 tis,
307 1402 419 1468 losum
434 1399 489 1484 11,
504 1405 561 1486 43.
573 1424 650 1468 nun
671 1401 824 1492 potuisse
843 1401 893 1468 sie
908 1404 1031 1486 serihi,
1052 1404 1119 1471 uisi
1134 1425 1200 1471 non
1213 1404 1265 1472 ita

74 1557 77 1568 .
218 1505 338 1571 multis
357 1503 452 1572 anuis
467 1514 552 1592 post
567 1505 692 1572 bellum
707 1499 1045 1594 Peloponnesiacum,
1068 1519 1186 1576 eontra
1197 1503 1266 1589 Vl,

220 1609 255 1674 4.
292 1605 493 1674 Thessaliae
516 1629 571 1676 res
589 1629 697 1698 usque
718 1607 761 1674 ad
781 1631 901 1676 anuum
918 1613 997 1680 357.
1015 1609 1192 1678 deduci-
1210 1611 1265 1683 ita

219 1711 385 1800 temporis
404 1711 635 1780 diversitatem
658 1733 841 1802 apparere:
872 1713 948 1782 dein
969 1737 1031 1806 per
1048 1715 1154 1784 libros
1177 1715 1264 1784 duos

161 1883 163 1890 Α
217 1815 353 1908 priores
367 1817 510 1884 animum
527 1818 705 1906 scriptoris
721 1820 852 1885 elucere
867 1840 946 1906 erga
962 1819 1189 1887 Athenienses
1204 1819 1265 1888 be-

219 1921 397 2001 nevolum,
419 1943 481 2008 per
498 1921 648 2007 reliquos
663 1923 1036 1988 malevolentissimum:
1057 1924 1202 2011 illosque
1218 1925 1264 1991 li-
1319 1944 1322 1952 ·

219 2023 301 2090 loros
324 2045 363 2090 ee
383 2022 523 2087 oonsilio
544 2023 691 2110 scriptos
705 2026 798 2104 ess'e,
820 2031 859 2088 ut
871 2023 1088 2108 Thuaydides
1103 2025 1145 2088 ad
1162 2043 1261 2089 suum

219 2127 321 2194 linem
334 2123 573 2208 deduceretur,
591 2125 672 2208 hos,
692 2134 732 2194 ut
744 2124 900 2212 Agesilai
912 2122 1031 2190 laudes
1052 2123 1262 2192 celebraren-

221 2240 298 2310 tur,
326 2249 492 2326 quumque
518 2230 629 2320 ipsum
650 2222 815 2296 librorum
839 2247 1012 2296 numerum
1034 2229 1260 2315 septenarium

221 2333 334 2403 minus
353 2332 559 2402 commodum
581 2355 657 2402 esse
678 2334 872 2422 auspicatus
901 2337 1012 2412 esset,
1043 2332 1179 2420 aliquod
1201 2329 1262 2401 au-

220 2448 291 2506 tem
310 2445 484 2526 separatae
503 2438 680 2525 utriusqus
700 2437 810 2525 partis
830 2432 989 2502 iudicium
1011 2433 1046 2500 iu
1062 2433 1261 2506 Marcellino

222 2549 260 2610 at
271 2543 306 2608 in
321 2539 470 2608 Aldinae
484 2541 701 2629 inscriptions
714 2545 847 2618 exstare
860 2538 1105 2606 existimasset:
1127 2541 1263 2626 accidit,

221 2653 263 2714 ut
288 2645 369 2711 lraeo
390 2652 582 2729 argumenta
604 2665 679 2710 mox
698 2643 807 2709 omnia
826 2641 1066 2714 refutarentur.
1124 2641 1261 2714 Primus

89 2811 92 2828 1
205 2749 356 2848 ⁸exstitit
378 2745 419 2818 F.
440 2741 687 2815 D'elbrueek'ius
714 2749 750 2815 in
775 2747 884 2830 libro,
907 2767 1005 2836 quern
1032 2767 1136 2836 supra
1155 2751 1262 2818 nomi.

222 2855 318 2936 novi,
337 2853 397 2942 qui
412 2871 610 2940 quamquam
629 2850 666 2920 id
684 2849 896 2944 potissimum
918 2851 985 2917 sibi
1006 2853 1200 2940 proposuit,
1220 2859 1262 2938 ut

222 2981 286 3028 sua
298 2953 492 3026 laudatione
504 2977 570 3023 non
583 2955 852 3039 Hellenieorum,
870 2954 931 3021 sad
942 2956 1175 3022 universorum
1189 2957 1262 3026 Xe·

221 3061 402 3154 nophontis
415 3061 580 3127 librorum
594 3063 834 3150 praestantiam
846 3056 1053 3134 uindicaret,
1073 3065 1185 3126 tamon
1198 3061 1262 3128 nli·

223 3187 292 3258 qua
310 3187 352 3234 ex
365 3164 445 3233 istis
463 3161 669 3250 argumentis
683 3163 821 3230 reiellit.
862 3157 1048 3232 DeindoL.
1062 3146 1262 3234 Dindorlius

223 3291 374 3340 errorem
400 3265 444 3334 de
462 3263 611 3351 Aldinae
638 3264 852 3352 inscriptione
879 3261 1007 3330 detexit
1033 3259 1097 3351 (N.
1115 3261 1261 3334 Jahrhil·

107 3431 112 3445 ,
225 3377 325 3456 aher,
345 3371 387 3440 B.
399 3374 436 3440 4.
456 3369 503 3440 H.
518 3371 552 3438 2.
575 3367 613 3436 8.
627 3369 704 3437 254.
724 3365 826 3455 lgg.),
851 3367 953 3436 etiam
972 3365 1161 3436 Sievorsius
1177 3363 1260 3458 (1.1.
1326 3377 1330 3382 ’

225 3501 261 3570 p.
282 3477 421 3562 2-5.)
451 3471 599 3562 aliquid,
629 3489 826 3561 quamquam
847 3491 913 3538 uon
932 3471 981 3538 ita
1005 3473 1146 3539 multum
1166 3473 1202 3540 in
1220 3495 1261 3540 aa
1377 3525 1380 3534 ,

223 3605 265 3654 ra
289 3582 452 3673 proiecit,
486 3578 628 3666 denique
658 3571 820 3642 Sieversii
846 3595 965 3646 eensor
989 3575 1037 3646 M.
1067 3573 1115 3644 Η.
1142 3573 1185 3644 Ε.
1210 3574 1261 3650 on.

226 3683 584 3776 (HalliselroAllgem.
596 3678 666 3748 Lit.
679 3676 722 3744 Ζ.
738 3677 837 3746 1834.
858 3676 922 3749 Νι.
936 3679 1031 3768 148.)
1046 3685 1086 3749 et
1105 3677 1262 3800 Olympi·
1289 3723 1294 3726 -

228 3789 342 3861 ades
330 3811 366 3856 ιιι
387 3787 524 3878 priore
519 3777 601 3851 libri
617 3787 717 3870 purte
729 3777 880 3848 delendit
891 3783 947 3847 et
935 3805 970 3850 m
983 3784 1170 3873 posteriore
1184 3779 1263 3874 pir·

227 3905 264 3964 to
283 3903 363 3986 post
376 3886 640 3962 Delhrueokium
663 3885 821 3951 nonnulla
844 3905 909 3950 non
925 3887 1081 3956 malevole
1095 3887 1138 3956 de
1150 3887 1269 3956 Atho-

227 3999 401 4072 uieusilrus
419 3993 551 4065 namari
574 3987 732 4064 ostendit.
775 3985 822 4058 Et
842 4003 925 4109 saus
939 3989 1047 4062 mania
1064 3998 1144 4062 suut
1158 3988 1261 4060 maxi·
