<?xml version="1.0" encoding="UTF-8"?>
<!DOCTYPE html PUBLIC "-//W3C//DTD XHTML 1.0 Transitional//EN"
    "http://www.w3.org/TR/xhtml1/DTD/xhtml1-transitional.dtd">
<html xmlns="http://www.w3.org/1999/xhtml" xml:lang="en" lang="en">
 <head>
  <title>
</title>
<meta http-equiv="Content-Type" content="text/html;charset=utf-8" />
  <meta name='ocr-system' content='tesseract 3.04.00' />
  <meta name='ocr-capabilities' content='ocr_page ocr_carea ocr_par ocr_line ocrx_word'/>
</head>
<body>
  <div class='ocr_page' id='page_1' title='image "./commentatiocrit01petegoog_0107.png"; bbox 0 0 2838 4826; ppageno 0'>
   <div class='ocr_carea' id='block_1_1' title="bbox 244 325 1398 430">
    <p class='ocr_par' dir='ltr' id='par_1_1' title="bbox 244 215 1398 430">
     <span class='ocr_line' id='line_1_1' title="bbox 244 325 293 396; baseline -0.003 0"><span class='ocrx_word' id='word_1_1' title='bbox 244 325 293 396; x_wconf 83' lang='lat' dir='ltr'><strong>co</strong></span> 
     </span>
     <span class='ocr_line' id='line_1_2' title="bbox 918 403 1398 430; baseline 0 0"><span class='ocrx_word' id='word_1_2' title='bbox 918 409 925 418; x_wconf 84' lang='lat'><em>&#39;</em></span> <span class='ocrx_word' id='word_1_3' title='bbox 1397 403 1398 430; x_wconf 83' lang='lat' dir='ltr'><strong>l</strong></span> 
     </span>
    </p>
   </div>
   <div class='ocr_carea' id='block_1_2' title="bbox 242 475 1399 806">
    <p class='ocr_par' dir='ltr' id='par_1_2' title="bbox 242 475 1399 806">
     <span class='ocr_line' id='line_1_3' title="bbox 242 475 1398 600; baseline -0.003 -19"><span class='ocrx_word' id='word_1_4' title='bbox 242 509 366 593; x_wconf 74' lang='lat' dir='ltr'><strong>faerit,</strong></span> <span class='ocrx_word' id='word_1_5' title='bbox 386 520 486 599; x_wconf 78' lang='lat' dir='ltr'><strong>quam</strong></span> <span class='ocrx_word' id='word_1_6' title='bbox 499 503 686 599; x_wconf 74' lang='lat' dir='ltr'><strong>quidquam</strong></span> <span class='ocrx_word' id='word_1_7' title='bbox 704 503 834 578; x_wconf 78' lang='lat' dir='ltr'><strong>deeius</strong></span> <span class='ocrx_word' id='word_1_8' title='bbox 853 475 1295 600; x_wconf 74' lang='lat' dir='ltr'><strong>adventucompertumes·</strong></span> <span class='ocrx_word' id='word_1_9' title='bbox 1397 483 1398 492; x_wconf 8' lang='grc' dir='ltr'>ἵ</span> 
     </span>
     <span class='ocr_line' id='line_1_4' title="bbox 244 607 1295 704; baseline 0.001 -20"><span class='ocrx_word' id='word_1_10' title='bbox 244 622 316 700; x_wconf 74' lang='lat' dir='ltr'><strong>sel,</strong></span> <span class='ocrx_word' id='word_1_11' title='bbox 342 607 570 699; x_wconf 63' lang='lat' dir='ltr'><strong>dilacereris,</strong></span> <span class='ocrx_word' id='word_1_12' title='bbox 592 615 642 686; x_wconf 76' lang='grc' dir='ltr'><strong>ὅτι</strong></span> <span class='ocrx_word' id='word_1_13' title='bbox 660 623 818 703; x_wconf 70' lang='grc' dir='ltr'><em>πολλαχοὸ</em></span> <span class='ocrx_word' id='word_1_14' title='bbox 834 611 873 686; x_wconf 74' lang='lat' dir='ltr'><strong>cd</strong></span> <span class='ocrx_word' id='word_1_15' title='bbox 889 618 986 702; x_wconf 76' lang='grc' dir='ltr'><em>τάχος</em></span> <span class='ocrx_word' id='word_1_16' title='bbox 1006 623 1124 704; x_wconf 54' lang='lat' dir='ltr'><strong>pinca</strong></span> <span class='ocrx_word' id='word_1_17' title='bbox 1145 623 1199 698; x_wconf 79' lang='grc' dir='ltr'><strong>τῆς</strong></span> <span class='ocrx_word' id='word_1_18' title='bbox 1218 620 1295 702; x_wconf 79' lang='grc' dir='ltr'><strong><em>βίας</em></strong></span> 
     </span>
     <span class='ocr_line' id='line_1_5' title="bbox 242 715 1399 806; baseline -0.003 -15"><span class='ocrx_word' id='word_1_19' title='bbox 242 723 460 806; x_wconf 76' lang='grc' dir='ltr'><strong>διαπράττεται</strong></span> <span class='ocrx_word' id='word_1_20' title='bbox 470 715 510 790; x_wconf 76' lang='lat' dir='ltr'><strong>soi</strong></span> <span class='ocrx_word' id='word_1_21' title='bbox 520 724 654 789; x_wconf 63' lang='lat' dir='ltr'><strong>orooro:</strong></span> <span class='ocrx_word' id='word_1_22' title='bbox 762 761 765 768; x_wconf 78' lang='lat'><em>,</em></span> <span class='ocrx_word' id='word_1_23' title='bbox 1398 749 1399 788; x_wconf 81' lang='lat'>3</span> 
     </span>
    </p>
   </div>
   <div class='ocr_carea' id='block_1_3' title="bbox 132 861 1404 2726">
    <p class='ocr_par' dir='ltr' id='par_1_3' title="bbox 240 861 1400 1274">
     <span class='ocr_line' id='line_1_6' title="bbox 248 861 1400 961; baseline -0.006 -22"><span class='ocrx_word' id='word_1_24' title='bbox 248 861 252 872; x_wconf 77' lang='grc'><strong>’</strong></span> <span class='ocrx_word' id='word_1_25' title='bbox 339 868 427 939; x_wconf 87' lang='lat' dir='ltr'><strong>Post</strong></span> <span class='ocrx_word' id='word_1_26' title='bbox 444 893 589 960; x_wconf 81' lang='lat' dir='ltr'><strong>pugnam</strong></span> <span class='ocrx_word' id='word_1_27' title='bbox 604 869 814 938; x_wconf 79' lang='lat' dir='ltr'><strong>Leuctricam</strong></span> <span class='ocrx_word' id='word_1_28' title='bbox 831 869 1006 961; x_wconf 75' lang='lat' dir='ltr'><strong>paulisper</strong></span> <span class='ocrx_word' id='word_1_29' title='bbox 1024 865 1294 945; x_wconf 83' lang='lat' dir='ltr'><strong>distincturXe·</strong></span> <span class='ocrx_word' id='word_1_30' title='bbox 1398 897 1400 956; x_wconf 75' lang='lat'>}</span> 
     </span>
     <span class='ocr_line' id='line_1_7' title="bbox 241 959 1400 1065; baseline -0.003 -22"><span class='ocrx_word' id='word_1_31' title='bbox 241 963 376 1065; x_wconf 69' lang='lat' dir='ltr'><strong>nophon</strong></span> <span class='ocrx_word' id='word_1_32' title='bbox 393 973 560 1043; x_wconf 88' lang='lat' dir='ltr'><strong>narrando</strong></span> <span class='ocrx_word' id='word_1_33' title='bbox 583 997 640 1057; x_wconf 90' lang='lat' dir='ltr'><strong>ea,</strong></span> <span class='ocrx_word' id='word_1_34' title='bbox 662 981 805 1064; x_wconf 85' lang='lat' dir='ltr'><strong>quae&#39;ex</strong></span> <span class='ocrx_word' id='word_1_35' title='bbox 817 969 885 1042; x_wconf 86' lang='lat' dir='ltr'><strong>ista</strong></span> <span class='ocrx_word' id='word_1_36' title='bbox 896 973 1134 1042; x_wconf 85' lang='lat' dir='ltr'><strong>Thebanorum</strong></span> <span class='ocrx_word' id='word_1_37' title='bbox 1147 973 1292 1041; x_wconf 87' lang='lat' dir='ltr'><strong>victoria</strong></span> <span class='ocrx_word' id='word_1_38' title='bbox 1399 959 1400 1048; x_wconf 66' lang='lat' dir='ltr'><strong>i</strong></span> 
     </span>
     <span class='ocr_line' id='line_1_8' title="bbox 242 1069 1400 1168; baseline -0.003 -22"><span class='ocrx_word' id='word_1_39' title='bbox 242 1069 424 1147; x_wconf 75' lang='lat' dir='ltr'><strong>consecuta</strong></span> <span class='ocrx_word' id='word_1_40' title='bbox 445 1079 525 1147; x_wconf 85' lang='lat' dir='ltr'><strong>sint.</strong></span> <span class='ocrx_word' id='word_1_41' title='bbox 576 1077 689 1166; x_wconf 80' lang='lat' dir='ltr'><strong>Quum</strong></span> <span class='ocrx_word' id='word_1_42' title='bbox 711 1080 856 1168; x_wconf 82' lang='lat' dir='ltr'><strong>primum</strong></span> <span class='ocrx_word' id='word_1_43' title='bbox 880 1085 991 1146; x_wconf 87' lang='lat' dir='ltr'><strong>autem</strong></span> <span class='ocrx_word' id='word_1_44' title='bbox 1015 1074 1202 1166; x_wconf 81' lang='lat' dir='ltr'><strong>Agesilaus</strong></span> <span class='ocrx_word' id='word_1_45' title='bbox 1226 1076 1294 1143; x_wconf 86' lang='lat' dir='ltr'><strong>im·</strong></span> <span class='ocrx_word' id='word_1_46' title='bbox 1399 1083 1400 1088; x_wconf 75' lang='grc'>’</span> 
     </span>
     <span class='ocr_line' id='line_1_9' title="bbox 240 1179 1292 1274; baseline -0.004 -24"><span class='ocrx_word' id='word_1_47' title='bbox 240 1185 374 1274; x_wconf 92' lang='lat' dir='ltr'><strong>perium</strong></span> <span class='ocrx_word' id='word_1_48' title='bbox 388 1184 534 1272; x_wconf 89' lang='lat' dir='ltr'><strong>aceepit,</strong></span> <span class='ocrx_word' id='word_1_49' title='bbox 557 1183 753 1274; x_wconf 77' lang='lat' dir='ltr'><strong>exponitur,</strong></span> <span class='ocrx_word' id='word_1_50' title='bbox 774 1201 873 1272; x_wconf 87' lang='lat' dir='ltr'><strong>quam</strong></span> <span class='ocrx_word' id='word_1_51' title='bbox 891 1179 1205 1272; x_wconf 53' lang='lat' dir='ltr'><strong>circumspecte‘ille</strong></span> <span class='ocrx_word' id='word_1_52' title='bbox 1218 1179 1292 1247; x_wconf 83' lang='lat' dir='ltr'><strong>Ar-</strong></span> 
     </span>
    </p>

    <p class='ocr_par' dir='ltr' id='par_1_4' title="bbox 167 1283 1401 1588">
     <span class='ocr_line' id='line_1_10' title="bbox 181 1283 1393 1378; baseline 0.002 -25"><span class='ocrx_word' id='word_1_53' title='bbox 181 1369 186 1377; x_wconf 27' lang='grc'><strong>,</strong></span> <span class='ocrx_word' id='word_1_54' title='bbox 240 1289 336 1374; x_wconf 83' lang='lat' dir='ltr'><strong>givos</strong></span> <span class='ocrx_word' id='word_1_55' title='bbox 354 1311 429 1354; x_wconf 89' lang='lat' dir='ltr'><strong>cum</strong></span> <span class='ocrx_word' id='word_1_56' title='bbox 442 1287 842 1378; x_wconf 83' lang='lat' dir='ltr'><strong>Mantinensihus&#39;copias</strong></span> <span class='ocrx_word' id='word_1_57' title='bbox 858 1289 995 1373; x_wconf 84' lang='lat' dir='ltr'><strong>iungere</strong></span> <span class='ocrx_word' id='word_1_58' title='bbox 1011 1288 1130 1354; x_wconf 85' lang='lat' dir='ltr'><strong>siverit</strong></span> <span class='ocrx_word' id='word_1_59' title='bbox 1147 1283 1236 1373; x_wconf 89' lang='lat' dir='ltr'>(VI,</span> <span class='ocrx_word' id='word_1_60' title='bbox 1253 1287 1290 1366; x_wconf 83' lang='lat'><strong>5,</strong></span> <span class='ocrx_word' id='word_1_61' title='bbox 1388 1359 1393 1370; x_wconf 64' lang='grc'><strong>,</strong></span> 
     </span>
     <span class='ocr_line' id='line_1_11' title="bbox 167 1381 1401 1481; baseline -0.005 -22"><span class='ocrx_word' id='word_1_62' title='bbox 167 1381 173 1406; x_wconf 49' lang='grc'><strong>““</strong></span> <span class='ocrx_word' id='word_1_63' title='bbox 240 1393 334 1481; x_wconf 80' lang='grc'><strong>16.),</strong></span> <span class='ocrx_word' id='word_1_64' title='bbox 355 1399 390 1458; x_wconf 89' lang='lat' dir='ltr'><strong>et</strong></span> <span class='ocrx_word' id='word_1_65' title='bbox 411 1414 510 1480; x_wconf 90' lang='lat' dir='ltr'><strong>quam</strong></span> <span class='ocrx_word' id='word_1_66' title='bbox 528 1390 651 1457; x_wconf 89' lang='lat' dir='ltr'><strong>callide</strong></span> <span class='ocrx_word' id='word_1_67' title='bbox 672 1414 774 1480; x_wconf 89' lang='lat' dir='ltr'><strong>quum</strong></span> <span class='ocrx_word' id='word_1_68' title='bbox 795 1413 902 1480; x_wconf 89' lang='lat' dir='ltr'><strong>neque</strong></span> <span class='ocrx_word' id='word_1_69' title='bbox 921 1411 1055 1456; x_wconf 86' lang='lat' dir='ltr'><strong>manere</strong></span> <span class='ocrx_word' id='word_1_70' title='bbox 1070 1412 1177 1479; x_wconf 91' lang='lat' dir='ltr'><strong>neque</strong></span> <span class='ocrx_word' id='word_1_71' title='bbox 1191 1389 1287 1454; x_wconf 88' lang='lat' dir='ltr'><strong>abire</strong></span> <span class='ocrx_word' id='word_1_72' title='bbox 1400 1389 1401 1470; x_wconf 57' lang='lat' dir='ltr'><strong>i</strong></span> 
     </span>
     <span class='ocr_line' id='line_1_12' title="bbox 190 1491 1287 1588; baseline -0.003 -23"><span class='ocrx_word' id='word_1_73' title='bbox 190 1577 194 1584; x_wconf 20' lang='lat'>⁸</span> <span class='ocrx_word' id='word_1_74' title='bbox 240 1497 315 1566; x_wconf 87' lang='lat' dir='ltr'><strong>sine</strong></span> <span class='ocrx_word' id='word_1_75' title='bbox 338 1495 500 1588; x_wconf 82' lang='lat' dir='ltr'><strong>periculo&#39;</strong></span> <span class='ocrx_word' id='word_1_76' title='bbox 513 1515 614 1584; x_wconf 87' lang='lat' dir='ltr'><strong>posse</strong></span> <span class='ocrx_word' id='word_1_77' title='bbox 642 1495 834 1578; x_wconf 89' lang='lat' dir='ltr'><strong>videretur,</strong></span> <span class='ocrx_word' id='word_1_78' title='bbox 861 1501 972 1564; x_wconf 87' lang='lat' dir='ltr'><strong>tamen</strong></span> <span class='ocrx_word' id='word_1_79' title='bbox 995 1494 1117 1560; x_wconf 83' lang='lat' dir='ltr'><strong>abierit</strong></span> <span class='ocrx_word' id='word_1_80' title='bbox 1147 1491 1235 1580; x_wconf 80' lang='lat' dir='ltr'><strong>(Vl,</strong></span> <span class='ocrx_word' id='word_1_81' title='bbox 1252 1493 1287 1575; x_wconf 81' lang='grc'><strong>5,</strong></span> 
     </span>
    </p>

    <p class='ocr_par' dir='ltr' id='par_1_5' title="bbox 132 1591 1282 1691">
     <span class='ocr_line' id='line_1_13' title="bbox 132 1591 1282 1691; baseline -0.005 -23"><span class='ocrx_word' id='word_1_82' title='bbox 132 1611 135 1623; x_wconf 91' lang='grc'><em>“</em></span> <span class='ocrx_word' id='word_1_83' title='bbox 237 1599 322 1691; x_wconf 55' lang='lat'><strong>18).</strong></span> <span class='ocrx_word' id='word_1_84' title='bbox 362 1597 549 1690; x_wconf 84' lang='lat' dir='ltr'><strong>Postquam</strong></span> <span class='ocrx_word' id='word_1_85' title='bbox 572 1595 691 1688; x_wconf 83' lang='lat' dir='ltr'><strong>deinde</strong></span> <span class='ocrx_word' id='word_1_86' title='bbox 705 1591 880 1668; x_wconf 83' lang='lat' dir='ltr'><strong>Ischolaus</strong></span> <span class='ocrx_word' id='word_1_87' title='bbox 903 1597 945 1664; x_wconf 89' lang='lat' dir='ltr'><strong>ob</strong></span> <span class='ocrx_word' id='word_1_88' title='bbox 961 1595 1195 1664; x_wconf 84' lang='lat' dir='ltr'><strong>fortitudinem</strong></span> <span class='ocrx_word' id='word_1_89' title='bbox 1212 1597 1282 1664; x_wconf 87' lang='lat' dir='ltr'><strong>leu-</strong></span> 
     </span>
    </p>

    <p class='ocr_par' dir='ltr' id='par_1_6' title="bbox 238 1689 1402 1794">
     <span class='ocr_line' id='line_1_14' title="bbox 238 1689 1402 1794; baseline -0.004 -25"><span class='ocrx_word' id='word_1_90' title='bbox 238 1703 342 1770; x_wconf 88' lang='lat' dir='ltr'><strong>datus</strong></span> <span class='ocrx_word' id='word_1_91' title='bbox 363 1709 435 1786; x_wconf 87' lang='lat' dir='ltr'><strong>est,</strong></span> <span class='ocrx_word' id='word_1_92' title='bbox 464 1703 688 1794; x_wconf 88' lang='lat' dir='ltr'><strong>reprehensus</strong></span> <span class='ocrx_word' id='word_1_93' title='bbox 708 1711 838 1791; x_wconf 72' lang='lat' dir='ltr'><strong>autem,</strong></span> <span class='ocrx_word' id='word_1_94' title='bbox 858 1701 949 1790; x_wconf 93' lang='lat' dir='ltr'><strong>quod</strong></span> <span class='ocrx_word' id='word_1_95' title='bbox 971 1725 1045 1768; x_wconf 91' lang='lat' dir='ltr'><strong>eum</strong></span> <span class='ocrx_word' id='word_1_96' title='bbox 1061 1701 1182 1790; x_wconf 84' lang='lat' dir='ltr'><strong>paucis</strong></span> <span class='ocrx_word' id='word_1_97' title='bbox 1208 1721 1280 1766; x_wconf 90' lang='lat' dir='ltr'><strong>con·</strong></span> <span class='ocrx_word' id='word_1_98' title='bbox 1401 1689 1402 1704; x_wconf 29' lang='lat' dir='ltr'><strong>i</strong></span> 
     </span>
    </p>

    <p class='ocr_par' dir='ltr' id='par_1_7' title="bbox 237 1802 1334 1896">
     <span class='ocr_line' id='line_1_15' title="bbox 237 1802 1334 1896; baseline -0.001 -21"><span class='ocrx_word' id='word_1_99' title='bbox 237 1814 296 1875; x_wconf 87' lang='lat' dir='ltr'><strong>tra</strong></span> <span class='ocrx_word' id='word_1_100' title='bbox 314 1807 440 1874; x_wconf 89' lang='lat' dir='ltr'><strong>multos</strong></span> <span class='ocrx_word' id='word_1_101' title='bbox 461 1807 496 1874; x_wconf 92' lang='lat' dir='ltr'><strong>in</strong></span> <span class='ocrx_word' id='word_1_102' title='bbox 521 1829 627 1896; x_wconf 92' lang='lat' dir='ltr'><strong>aequo</strong></span> <span class='ocrx_word' id='word_1_103' title='bbox 647 1807 794 1896; x_wconf 81' lang='lat' dir='ltr'><strong>pugnem</strong></span> <span class='ocrx_word' id='word_1_104' title='bbox 813 1805 1020 1876; x_wconf 85' lang='lat' dir='ltr'><strong>commiserit</strong></span> <span class='ocrx_word' id='word_1_105' title='bbox 1037 1802 1180 1894; x_wconf 82' lang='lat' dir='ltr'><strong>(V1,5,</strong></span> <span class='ocrx_word' id='word_1_106' title='bbox 1195 1803 1286 1892; x_wconf 82' lang='lat'><strong>26.);</strong></span> <span class='ocrx_word' id='word_1_107' title='bbox 1324 1871 1334 1886; x_wconf 85' lang='grc'><em>,</em></span> 
     </span>
    </p>

    <p class='ocr_par' dir='ltr' id='par_1_8' title="bbox 226 1907 1403 2106">
     <span class='ocr_line' id='line_1_16' title="bbox 236 1907 1286 2002; baseline 0.001 -23"><span class='ocrx_word' id='word_1_108' title='bbox 236 1909 562 2000; x_wconf 77' lang='lat' dir='ltr'><strong>Lacedaemoniique</strong></span> <span class='ocrx_word' id='word_1_109' title='bbox 577 1911 723 1978; x_wconf 83' lang='lat' dir='ltr'><strong>feliciter</strong></span> <span class='ocrx_word' id='word_1_110' title='bbox 737 1935 777 1978; x_wconf 87' lang='lat' dir='ltr'><strong>ex</strong></span> <span class='ocrx_word' id='word_1_111' title='bbox 789 1911 924 1978; x_wconf 88' lang='lat' dir='ltr'><strong>insidiis</strong></span> <span class='ocrx_word' id='word_1_112' title='bbox 940 1917 1132 2002; x_wconf 83' lang='lat' dir='ltr'><strong>pugnarunt</strong></span> <span class='ocrx_word' id='word_1_113' title='bbox 1152 1907 1238 1999; x_wconf 75' lang='lat' dir='ltr'><strong>(vl,</strong></span> <span class='ocrx_word' id='word_1_114' title='bbox 1251 1913 1286 1994; x_wconf 82' lang='grc'><strong>5,</strong></span> 
     </span>
     <span class='ocr_line' id='line_1_17' title="bbox 226 2011 1403 2106; baseline -0.003 -20"><span class='ocrx_word' id='word_1_115' title='bbox 226 2019 328 2106; x_wconf 84' lang='grc'><strong>-31.),</strong></span> <span class='ocrx_word' id='word_1_116' title='bbox 361 2013 533 2082; x_wconf 81' lang='lat' dir='ltr'><strong>clauditur</strong></span> <span class='ocrx_word' id='word_1_117' title='bbox 556 2015 618 2082; x_wconf 92' lang='lat' dir='ltr'><strong>hoc</strong></span> <span class='ocrx_word' id='word_1_118' title='bbox 644 2022 747 2104; x_wconf 83' lang='lat' dir='ltr'><strong>eaput</strong></span> <span class='ocrx_word' id='word_1_119' title='bbox 774 2015 870 2102; x_wconf 82' lang='lat' dir='ltr'><strong>gravi</strong></span> <span class='ocrx_word' id='word_1_120' title='bbox 886 2011 1075 2105; x_wconf 87' lang='lat' dir='ltr'><strong>·Iphicratis</strong></span> <span class='ocrx_word' id='word_1_121' title='bbox 1103 2013 1284 2104; x_wconf 87' lang='lat' dir='ltr'><strong>reprehen-</strong></span> <span class='ocrx_word' id='word_1_122' title='bbox 1402 2050 1403 2060; x_wconf 23' lang='grc' dir='ltr'><strong>κ</strong></span> 
     </span>
    </p>

    <p class='ocr_par' dir='ltr' id='par_1_9' title="bbox 240 2117 1279 2208">
     <span class='ocr_line' id='line_1_18' title="bbox 240 2117 1279 2208; baseline -0.005 -20"><span class='ocrx_word' id='word_1_123' title='bbox 240 2121 336 2189; x_wconf 84' lang='lat' dir='ltr'><strong>sione</strong></span> <span class='ocrx_word' id='word_1_124' title='bbox 357 2119 402 2207; x_wconf 89' lang='lat'><strong>(§.</strong></span> <span class='ocrx_word' id='word_1_125' title='bbox 421 2119 511 2206; x_wconf 64' lang='lat'><strong>52),</strong></span> <span class='ocrx_word' id='word_1_126' title='bbox 548 2117 608 2206; x_wconf 92' lang='lat' dir='ltr'><strong>qui</strong></span> <span class='ocrx_word' id='word_1_127' title='bbox 635 2139 738 2208; x_wconf 91' lang='lat' dir='ltr'><strong>quum</strong></span> <span class='ocrx_word' id='word_1_128' title='bbox 759 2139 914 2206; x_wconf 87' lang='lat' dir='ltr'><strong>magnum</strong></span> <span class='ocrx_word' id='word_1_129' title='bbox 935 2120 1086 2208; x_wconf 91' lang='lat' dir='ltr'><strong>equitum</strong></span> <span class='ocrx_word' id='word_1_130' title='bbox 1106 2141 1279 2191; x_wconf 82' lang='lat' dir='ltr'><strong>numerum</strong></span> 
     </span>
    </p>

    <p class='ocr_par' dir='ltr' id='par_1_10' title="bbox 237 2221 1273 2314">
     <span class='ocr_line' id='line_1_19' title="bbox 237 2221 1273 2314; baseline -0.001 -23"><span class='ocrx_word' id='word_1_131' title='bbox 237 2225 448 2314; x_wconf 87' lang='lat' dir='ltr'><strong>speculatum</strong></span> <span class='ocrx_word' id='word_1_132' title='bbox 470 2222 638 2304; x_wconf 88' lang='lat' dir='ltr'><strong>misisset,</strong></span> <span class='ocrx_word' id='word_1_133' title='bbox 666 2224 858 2307; x_wconf 81' lang='lat' dir='ltr'><strong>maiorem,¹</strong></span> <span class='ocrx_word' id='word_1_134' title='bbox 875 2245 975 2312; x_wconf 90' lang='lat' dir='ltr'><strong>quam</strong></span> <span class='ocrx_word' id='word_1_135' title='bbox 1001 2223 1061 2311; x_wconf 89' lang='lat' dir='ltr'><strong>qui</strong></span> <span class='ocrx_word' id='word_1_136' title='bbox 1079 2223 1186 2313; x_wconf 80' lang='lat' dir='ltr'><strong>hostes</strong></span> <span class='ocrx_word' id='word_1_137' title='bbox 1207 2221 1273 2290; x_wconf 87' lang='lat' dir='ltr'><strong>lal-</strong></span> 
     </span>
    </p>

    <p class='ocr_par' dir='ltr' id='par_1_11' title="bbox 140 2320 1404 2624">
     <span class='ocr_line' id='line_1_20' title="bbox 140 2320 1275 2422; baseline 0 -30"><span class='ocrx_word' id='word_1_138' title='bbox 140 2346 142 2352; x_wconf 76' lang='grc'>’</span> <span class='ocrx_word' id='word_1_139' title='bbox 235 2327 308 2393; x_wconf 91' lang='lat' dir='ltr'><strong>lere</strong></span> <span class='ocrx_word' id='word_1_140' title='bbox 337 2333 471 2416; x_wconf 85' lang='lat' dir='ltr'><strong>posset,</strong></span> <span class='ocrx_word' id='word_1_141' title='bbox 500 2347 566 2392; x_wconf 89' lang='lat' dir='ltr'><strong>non</strong></span> <span class='ocrx_word' id='word_1_142' title='bbox 594 2334 725 2422; x_wconf 83' lang='lat' dir='ltr'><strong>tantum</strong></span> <span class='ocrx_word' id='word_1_143' title='bbox 755 2333 884 2410; x_wconf 89' lang='lat' dir='ltr'><strong>autem,</strong></span> <span class='ocrx_word' id='word_1_144' title='bbox 913 2334 952 2394; x_wconf 92' lang='lat' dir='ltr'><strong>ut</strong></span> <span class='ocrx_word' id='word_1_145' title='bbox 973 2320 1090 2395; x_wconf 86' lang='lat' dir='ltr'><strong>hostes</strong></span> <span class='ocrx_word' id='word_1_146' title='bbox 1112 2325 1275 2422; x_wconf 85' lang='lat' dir='ltr'><strong>sustinere</strong></span> 
     </span>
     <span class='ocr_line' id='line_1_21' title="bbox 235 2427 1404 2520; baseline 0.001 -24"><span class='ocrx_word' id='word_1_147' title='bbox 235 2438 370 2520; x_wconf 83' lang='lat' dir='ltr'><strong>posset,</strong></span> <span class='ocrx_word' id='word_1_148' title='bbox 391 2432 511 2516; x_wconf 75' lang='lat' dir='ltr'><strong>viginti</strong></span> <span class='ocrx_word' id='word_1_149' title='bbox 535 2432 667 2518; x_wconf 87' lang='lat' dir='ltr'><strong>equites</strong></span> <span class='ocrx_word' id='word_1_150' title='bbox 690 2433 816 2502; x_wconf 85' lang='lat' dir='ltr'><strong>amisit.</strong></span> <span class='ocrx_word' id='word_1_151' title='bbox 857 2431 952 2499; x_wconf 87' lang='lat' dir='ltr'><strong>Haec</strong></span> <span class='ocrx_word' id='word_1_152' title='bbox 968 2440 1079 2499; x_wconf 88' lang='lat' dir='ltr'><strong>autem</strong></span> <span class='ocrx_word' id='word_1_153' title='bbox 1094 2437 1173 2498; x_wconf 87' lang='lat' dir='ltr'><strong>sunt</strong></span> <span class='ocrx_word' id='word_1_154' title='bbox 1186 2427 1228 2498; x_wconf 83' lang='lat' dir='ltr'><strong>ea</strong></span> <span class='ocrx_word' id='word_1_155' title='bbox 1242 2430 1281 2497; x_wconf 84' lang='lat' dir='ltr'><strong>in</strong></span> <span class='ocrx_word' id='word_1_156' title='bbox 1403 2499 1404 2508; x_wconf 57' lang='grc'>,</span> 
     </span>
     <span class='ocr_line' id='line_1_22' title="bbox 234 2531 1280 2624; baseline 0.004 -24"><span class='ocrx_word' id='word_1_157' title='bbox 234 2555 273 2600; x_wconf 87' lang='lat' dir='ltr'><strong>re</strong></span> <span class='ocrx_word' id='word_1_158' title='bbox 286 2533 522 2622; x_wconf 87' lang='lat' dir='ltr'><strong>Xenophontis</strong></span> <span class='ocrx_word' id='word_1_159' title='bbox 543 2533 663 2601; x_wconf 84' lang='lat' dir='ltr'><strong>verba:</strong></span> <span class='ocrx_word' id='word_1_160' title='bbox 686 2531 730 2616; x_wconf 68' lang='grc' dir='ltr'><strong>τὰ</strong></span> <span class='ocrx_word' id='word_1_161' title='bbox 742 2538 873 2612; x_wconf 78' lang='grc' dir='ltr'><em>πολλούς</em></span> <span class='ocrx_word' id='word_1_162' title='bbox 892 2562 925 2602; x_wconf 80' lang='grc' dir='ltr'><strong>τε</strong></span> <span class='ocrx_word' id='word_1_163' title='bbox 938 2538 1103 2624; x_wconf 71' lang='grc' dir='ltr'><em>προςάγειν</em></span> <span class='ocrx_word' id='word_1_164' title='bbox 1118 2541 1171 2605; x_wconf 84' lang='grc' dir='ltr'><strong>καὶ</strong></span> <span class='ocrx_word' id='word_1_165' title='bbox 1186 2535 1280 2618; x_wconf 79' lang='grc' dir='ltr'><em>ἥττο-</em></span> 
     </span>
    </p>

    <p class='ocr_par' dir='ltr' id='par_1_12' title="bbox 150 2627 971 2726">
     <span class='ocr_line' id='line_1_23' title="bbox 150 2627 971 2726; baseline 0.005 -25"><span class='ocrx_word' id='word_1_166' title='bbox 150 2693 152 2701; x_wconf 95' lang='grc'>.</span> <span class='ocrx_word' id='word_1_167' title='bbox 206 2714 208 2718; x_wconf 80' lang='lat'><em>.</em></span> <span class='ocrx_word' id='word_1_168' title='bbox 233 2627 290 2720; x_wconf 71' lang='lat' dir='ltr'><strong>poc</strong></span> <span class='ocrx_word' id='word_1_169' title='bbox 302 2645 362 2704; x_wconf 77' lang='lat' dir='ltr'><strong>scir</strong></span> <span class='ocrx_word' id='word_1_170' title='bbox 374 2637 536 2722; x_wconf 77' lang='grc' dir='ltr'><strong><em>ἐναντίων,</em></strong></span> <span class='ocrx_word' id='word_1_171' title='bbox 557 2645 625 2722; x_wconf 71' lang='grc' dir='ltr'><strong>πῶς</strong></span> <span class='ocrx_word' id='word_1_172' title='bbox 635 2637 673 2705; x_wconf 75' lang='lat' dir='ltr'><strong>osi</strong></span> <span class='ocrx_word' id='word_1_173' title='bbox 685 2635 781 2721; x_wconf 70' lang='grc' dir='ltr'><em>πολλῆ</em></span> <span class='ocrx_word' id='word_1_174' title='bbox 795 2637 971 2726; x_wconf 54' lang='lat' dir='ltr'><strong>depactam</strong></span> 
     </span>
    </p>
   </div>
   <div class='ocr_carea' id='block_1_4' title="bbox 163 2765 1365 4008">
    <p class='ocr_par' dir='ltr' id='par_1_13' title="bbox 232 2765 1281 3280">
     <span class='ocr_line' id='line_1_24' title="bbox 306 2765 1280 2864; baseline 0.005 -26"><span class='ocrx_word' id='word_1_175' title='bbox 306 2843 310 2854; x_wconf 64' lang='grc'><strong>,</strong></span> <span class='ocrx_word' id='word_1_176' title='bbox 336 2769 377 2839; x_wconf 90' lang='lat' dir='ltr'><strong>In</strong></span> <span class='ocrx_word' id='word_1_177' title='bbox 390 2771 472 2840; x_wconf 90' lang='lat' dir='ltr'><strong>libri</strong></span> <span class='ocrx_word' id='word_1_178' title='bbox 483 2771 597 2840; x_wconf 91' lang='lat' dir='ltr'><strong>ultimi</strong></span> <span class='ocrx_word' id='word_1_179' title='bbox 614 2773 726 2864; x_wconf 87' lang='lat' dir='ltr'><strong>capite</strong></span> <span class='ocrx_word' id='word_1_180' title='bbox 745 2774 856 2864; x_wconf 89' lang='lat' dir='ltr'><strong>primo</strong></span> <span class='ocrx_word' id='word_1_181' title='bbox 869 2769 1024 2840; x_wconf 86' lang='lat' dir='ltr'><strong>Thebani</strong></span> <span class='ocrx_word' id='word_1_182' title='bbox 1036 2765 1123 2864; x_wconf 75' lang='lat' dir='ltr'><strong>hope</strong></span> <span class='ocrx_word' id='word_1_183' title='bbox 1137 2774 1280 2844; x_wconf 87' lang='lat' dir='ltr'><strong>consilio</strong></span> 
     </span>
     <span class='ocr_line' id='line_1_25' title="bbox 233 2875 1280 2979; baseline 0.001 -34"><span class='ocrx_word' id='word_1_184' title='bbox 233 2881 368 2946; x_wconf 83' lang='lat' dir='ltr'><strong>utentes</strong></span> <span class='ocrx_word' id='word_1_185' title='bbox 383 2875 668 2979; x_wconf 74' lang='lat' dir='ltr'><strong>Lacedaemonios</strong></span> <span class='ocrx_word' id='word_1_186' title='bbox 688 2879 722 2944; x_wconf 89' lang='lat' dir='ltr'><strong>in</strong></span> <span class='ocrx_word' id='word_1_187' title='bbox 744 2878 890 2946; x_wconf 86' lang='lat' dir='ltr'><strong>statione</strong></span> <span class='ocrx_word' id='word_1_188' title='bbox 905 2877 1048 2967; x_wconf 85' lang='lat' dir='ltr'><strong>quadam</strong></span> <span class='ocrx_word' id='word_1_189' title='bbox 1066 2880 1176 2968; x_wconf 89' lang='lat' dir='ltr'><strong>primo</strong></span> <span class='ocrx_word' id='word_1_190' title='bbox 1190 2878 1280 2946; x_wconf 86' lang='lat' dir='ltr'><strong>dilu-</strong></span> 
     </span>
     <span class='ocr_line' id='line_1_26' title="bbox 232 2979 1281 3072; baseline 0.002 -24"><span class='ocrx_word' id='word_1_191' title='bbox 232 2983 312 3048; x_wconf 89' lang='lat' dir='ltr'><strong>culo</strong></span> <span class='ocrx_word' id='word_1_192' title='bbox 329 2981 572 3068; x_wconf 76' lang='lat' dir='ltr'><strong>aggrediuntur</strong></span> <span class='ocrx_word' id='word_1_193' title='bbox 590 2981 635 3069; x_wconf 80' lang='lat'><strong>(§.</strong></span> <span class='ocrx_word' id='word_1_194' title='bbox 652 2982 741 3068; x_wconf 81' lang='lat' dir='ltr'><strong>ls.);</strong></span> <span class='ocrx_word' id='word_1_195' title='bbox 762 2979 1019 3052; x_wconf 88' lang='lat' dir='ltr'><strong>Lacedaemonii</strong></span> <span class='ocrx_word' id='word_1_196' title='bbox 1035 2984 1281 3072; x_wconf 82' lang='lat' dir='ltr'><strong>vituperantur,</strong></span> 
     </span>
     <span class='ocr_line' id='line_1_27' title="bbox 234 3085 1281 3177; baseline 0.001 -25"><span class='ocrx_word' id='word_1_197' title='bbox 234 3085 326 3176; x_wconf 89' lang='lat' dir='ltr'><strong>quod</strong></span> <span class='ocrx_word' id='word_1_198' title='bbox 345 3088 465 3154; x_wconf 88' lang='lat' dir='ltr'><strong>collem</strong></span> <span class='ocrx_word' id='word_1_199' title='bbox 488 3085 651 3164; x_wconf 86' lang='lat' dir='ltr'><strong>adversus</strong></span> <span class='ocrx_word' id='word_1_200' title='bbox 664 3085 845 3154; x_wconf 85' lang='lat' dir='ltr'><strong>Thebanos</strong></span> <span class='ocrx_word' id='word_1_201' title='bbox 857 3110 922 3154; x_wconf 92' lang='lat' dir='ltr'><strong>non</strong></span> <span class='ocrx_word' id='word_1_202' title='bbox 936 3087 1123 3170; x_wconf 84' lang='lat' dir='ltr'><strong>tonuerint,</strong></span> <span class='ocrx_word' id='word_1_203' title='bbox 1145 3109 1211 3177; x_wconf 85' lang='lat' dir='ltr'><strong>quo</strong></span> <span class='ocrx_word' id='word_1_204' title='bbox 1225 3087 1281 3154; x_wconf 85' lang='lat' dir='ltr'><strong>ia-</strong></span> 
     </span>
     <span class='ocr_line' id='line_1_28' title="bbox 234 3185 1278 3280; baseline -0.002 -20"><span class='ocrx_word' id='word_1_205' title='bbox 234 3197 343 3272; x_wconf 86' lang='lat' dir='ltr'><strong>ctum,</strong></span> <span class='ocrx_word' id='word_1_206' title='bbox 363 3198 404 3256; x_wconf 84' lang='lat' dir='ltr'><strong>ut</strong></span> <span class='ocrx_word' id='word_1_207' title='bbox 416 3191 470 3256; x_wconf 89' lang='lat' dir='ltr'><strong>illi</strong></span> <span class='ocrx_word' id='word_1_208' title='bbox 487 3198 562 3258; x_wconf 85' lang='lat' dir='ltr'><strong>tuto</strong></span> <span class='ocrx_word' id='word_1_209' title='bbox 571 3190 840 3278; x_wconf 84' lang='lat' dir='ltr'><strong>Peloponnesum</strong></span> <span class='ocrx_word' id='word_1_210' title='bbox 852 3192 980 3258; x_wconf 87' lang='lat' dir='ltr'><strong>intrare</strong></span> <span class='ocrx_word' id='word_1_211' title='bbox 993 3185 1133 3280; x_wconf 84' lang='lat' dir='ltr'><strong>possent</strong></span> <span class='ocrx_word' id='word_1_212' title='bbox 1145 3191 1278 3279; x_wconf 72' lang='lat' dir='ltr'><strong>(q.17.);</strong></span> 
     </span>
    </p>

    <p class='ocr_par' dir='ltr' id='par_1_14' title="bbox 163 3293 1365 4008">
     <span class='ocr_line' id='line_1_29' title="bbox 190 3293 1279 3384; baseline -0.002 -22"><span class='ocrx_word' id='word_1_213' title='bbox 190 3343 198 3362; x_wconf 89' lang='lat'><em>.</em></span> <span class='ocrx_word' id='word_1_214' title='bbox 232 3296 365 3384; x_wconf 83' lang='lat' dir='ltr'><strong>equites</strong></span> <span class='ocrx_word' id='word_1_215' title='bbox 381 3294 582 3382; x_wconf 84' lang='lat' dir='ltr'><strong>aDionysio</strong></span> <span class='ocrx_word' id='word_1_216' title='bbox 596 3293 692 3360; x_wconf 83' lang='lat' dir='ltr'><strong>missi</strong></span> <span class='ocrx_word' id='word_1_217' title='bbox 704 3295 858 3362; x_wconf 77' lang='lat' dir='ltr'><strong>exiruiam</strong></span> <span class='ocrx_word' id='word_1_218' title='bbox 874 3298 1046 3364; x_wconf 85' lang='lat' dir='ltr'><strong>solertiam</strong></span> <span class='ocrx_word' id='word_1_219' title='bbox 1062 3301 1097 3360; x_wconf 87' lang='lat' dir='ltr'><strong>ct</strong></span> <span class='ocrx_word' id='word_1_220' title='bbox 1110 3296 1279 3362; x_wconf 87' lang='lat' dir='ltr'><strong>exercita-</strong></span> 
     </span>
     <span class='ocr_line' id='line_1_30' title="bbox 163 3396 1279 3488; baseline -0.002 -21"><span class='ocrx_word' id='word_1_221' title='bbox 163 3459 168 3467; x_wconf 92' lang='lat'><em>.</em></span> <span class='ocrx_word' id='word_1_222' title='bbox 232 3398 356 3464; x_wconf 89' lang='lat' dir='ltr'><strong>tionem</strong></span> <span class='ocrx_word' id='word_1_223' title='bbox 378 3407 556 3488; x_wconf 86' lang='lat' dir='ltr'><strong>praestant</strong></span> <span class='ocrx_word' id='word_1_224' title='bbox 575 3397 807 3486; x_wconf 77' lang='lat' dir='ltr'><strong>singularique</strong></span> <span class='ocrx_word' id='word_1_225' title='bbox 824 3398 967 3486; x_wconf 89' lang='lat' dir='ltr'><strong>quodam</strong></span> <span class='ocrx_word' id='word_1_226' title='bbox 982 3396 1125 3464; x_wconf 83' lang='lat' dir='ltr'><strong>artificio</strong></span> <span class='ocrx_word' id='word_1_227' title='bbox 1139 3397 1279 3465; x_wconf 83' lang='lat' dir='ltr'><strong>Thaba-</strong></span> 
     </span>
     <span class='ocr_line' id='line_1_31' title="bbox 232 3489 1277 3591; baseline -0.002 -23"><span class='ocrx_word' id='word_1_228' title='bbox 232 3523 293 3568; x_wconf 88' lang='lat' dir='ltr'><strong>nos</strong></span> <span class='ocrx_word' id='word_1_229' title='bbox 309 3489 454 3572; x_wconf 86' lang='lat' dir='ltr'><strong>¹eludunt</strong></span> <span class='ocrx_word' id='word_1_230' title='bbox 476 3504 519 3591; x_wconf 87' lang='lat'><strong>(§.</strong></span> <span class='ocrx_word' id='word_1_231' title='bbox 537 3503 626 3590; x_wconf 54' lang='lat'><strong>²103</strong></span> <span class='ocrx_word' id='word_1_232' title='bbox 656 3501 830 3570; x_wconf 87' lang='lat' dir='ltr'><strong>Arcadum</strong></span> <span class='ocrx_word' id='word_1_233' title='bbox 853 3503 999 3590; x_wconf 79' lang='lat' dir='ltr'><strong>impigra</strong></span> <span class='ocrx_word' id='word_1_234' title='bbox 1014 3503 1137 3570; x_wconf 87' lang='lat' dir='ltr'><strong>militia</strong></span> <span class='ocrx_word' id='word_1_235' title='bbox 1155 3500 1277 3568; x_wconf 86' lang='lat' dir='ltr'><strong>lauda-</strong></span> 
     </span>
     <span class='ocr_line' id='line_1_32' title="bbox 232 3605 1276 3696; baseline 0 -24"><span class='ocrx_word' id='word_1_236' title='bbox 232 3613 291 3672; x_wconf 87' lang='lat' dir='ltr'><strong>tur</strong></span> <span class='ocrx_word' id='word_1_237' title='bbox 312 3607 356 3691; x_wconf 84' lang='lat'><strong>(§.</strong></span> <span class='ocrx_word' id='word_1_238' title='bbox 371 3607 453 3692; x_wconf 87' lang='lat'><strong>26.).</strong></span> <span class='ocrx_word' id='word_1_239' title='bbox 499 3605 612 3696; x_wconf 84' lang='lat' dir='ltr'><strong>Caput</strong></span> <span class='ocrx_word' id='word_1_240' title='bbox 628 3608 769 3672; x_wconf 85' lang='lat' dir='ltr'><strong>altarum</strong></span> <span class='ocrx_word' id='word_1_241' title='bbox 785 3610 898 3672; x_wconf 90' lang='lat' dir='ltr'><strong>autem</strong></span> <span class='ocrx_word' id='word_1_242' title='bbox 913 3615 1020 3674; x_wconf 87' lang='lat' dir='ltr'><strong>totum</strong></span> <span class='ocrx_word' id='word_1_243' title='bbox 1034 3606 1097 3672; x_wconf 86' lang='lat' dir='ltr'><strong>huc</strong></span> <span class='ocrx_word' id='word_1_244' title='bbox 1115 3605 1276 3695; x_wconf 84' lang='lat' dir='ltr'><strong>pertinet,</strong></span> 
     </span>
     <span class='ocr_line' id='line_1_33' title="bbox 232 3707 1365 3802; baseline 0 -28"><span class='ocrx_word' id='word_1_245' title='bbox 232 3708 264 3775; x_wconf 88' lang='lat' dir='ltr'><strong>si</strong></span> <span class='ocrx_word' id='word_1_246' title='bbox 283 3707 435 3798; x_wconf 84' lang='lat' dir='ltr'><strong>quidem,</strong></span> <span class='ocrx_word' id='word_1_247' title='bbox 458 3711 548 3799; x_wconf 92' lang='lat' dir='ltr'><strong>quod</strong></span> <span class='ocrx_word' id='word_1_248' title='bbox 564 3712 607 3779; x_wconf 87' lang='lat' dir='ltr'><strong>ad</strong></span> <span class='ocrx_word' id='word_1_249' title='bbox 619 3714 729 3780; x_wconf 84' lang='lat' dir='ltr'><strong>locum</strong></span> <span class='ocrx_word' id='word_1_250' title='bbox 742 3708 788 3791; x_wconf 84' lang='lat' dir='ltr'><strong>V,</strong></span> <span class='ocrx_word' id='word_1_251' title='bbox 804 3713 839 3794; x_wconf 93' lang='lat'><strong>1,</strong></span> <span class='ocrx_word' id='word_1_252' title='bbox 852 3715 887 3782; x_wconf 89' lang='lat'><strong>3.</strong></span> <span class='ocrx_word' id='word_1_253' title='bbox 908 3710 1100 3790; x_wconf 83' lang='lat' dir='ltr'><strong>observavi,</strong></span> <span class='ocrx_word' id='word_1_254' title='bbox 1121 3731 1188 3802; x_wconf 87' lang='lat' dir='ltr'><strong>non</strong></span> <span class='ocrx_word' id='word_1_255' title='bbox 1199 3716 1275 3774; x_wconf 83' lang='lat' dir='ltr'><strong>taa-</strong></span> <span class='ocrx_word' id='word_1_256' title='bbox 1359 3719 1365 3734; x_wconf 85' lang='lat'><strong>·</strong></span> 
     </span>
     <span class='ocr_line' id='line_1_34' title="bbox 231 3802 1273 3908; baseline 0.002 -30"><span class='ocrx_word' id='word_1_257' title='bbox 231 3819 304 3880; x_wconf 84' lang='lat' dir='ltr'><strong>tum</strong></span> <span class='ocrx_word' id='word_1_258' title='bbox 319 3802 433 3892; x_wconf 85' lang='lat' dir='ltr'><strong>doceri</strong></span> <span class='ocrx_word' id='word_1_259' title='bbox 446 3817 570 3897; x_wconf 84' lang='lat' dir='ltr'><strong>voluit,</strong></span> <span class='ocrx_word' id='word_1_260' title='bbox 592 3818 651 3904; x_wconf 89' lang='lat' dir='ltr'><strong>qui</strong></span> <span class='ocrx_word' id='word_1_261' title='bbox 665 3811 798 3902; x_wconf 80' lang='lat' dir='ltr'><strong>legant,</strong></span> <span class='ocrx_word' id='word_1_262' title='bbox 818 3815 880 3882; x_wconf 91' lang='lat' dir='ltr'><strong>sed</strong></span> <span class='ocrx_word' id='word_1_263' title='bbox 895 3813 996 3882; x_wconf 89' lang='lat' dir='ltr'><strong>etiam</strong></span> <span class='ocrx_word' id='word_1_264' title='bbox 1010 3815 1162 3908; x_wconf 82' lang='lat' dir='ltr'><strong>excitari.</strong></span> <span class='ocrx_word' id='word_1_265' title='bbox 1191 3811 1273 3900; x_wconf 80' lang='lat' dir='ltr'><strong>lpse</strong></span> 
     </span>
     <span class='ocr_line' id='line_1_35' title="bbox 194 3904 1272 4008; baseline -0.002 -24"><span class='ocrx_word' id='word_1_266' title='bbox 194 3904 200 3916; x_wconf 74' lang='grc'><strong>’</strong></span> <span class='ocrx_word' id='word_1_267' title='bbox 231 3917 319 3986; x_wconf 89' lang='lat' dir='ltr'><strong>euim</strong></span> <span class='ocrx_word' id='word_1_268' title='bbox 342 3920 369 3998; x_wconf 74' lang='lat' dir='ltr'><strong>t.</strong></span> <span class='ocrx_word' id='word_1_269' title='bbox 385 3919 416 3986; x_wconf 91' lang='lat'><strong>1.</strong></span> <span class='ocrx_word' id='word_1_270' title='bbox 438 3919 644 4008; x_wconf 46' lang='lat' dir='ltr'><strong>profitetura</strong></span> <span class='ocrx_word' id='word_1_271' title='bbox 665 3941 705 3986; x_wconf 86' lang='lat' dir='ltr'><strong>sc</strong></span> <span class='ocrx_word' id='word_1_272' title='bbox 723 3922 842 4008; x_wconf 88' lang='lat' dir='ltr'><strong>pulcre</strong></span> <span class='ocrx_word' id='word_1_273' title='bbox 866 3941 887 3984; x_wconf 89' lang='lat' dir='ltr'><strong>a</strong></span> <span class='ocrx_word' id='word_1_274' title='bbox 901 3916 1063 3986; x_wconf 89' lang='lat' dir='ltr'><strong>Phliasiis</strong></span> <span class='ocrx_word' id='word_1_275' title='bbox 1082 3940 1144 4008; x_wconf 85' lang='lat' dir='ltr'><strong>per</strong></span> <span class='ocrx_word' id='word_1_276' title='bbox 1160 3923 1272 3986; x_wconf 84' lang='lat' dir='ltr'><strong>totum</strong></span> 
     </span>
    </p>
   </div>
   <div class='ocr_carea' id='block_1_5' title="bbox 229 4019 1274 4214">
    <p class='ocr_par' dir='ltr' id='par_1_15' title="bbox 229 4019 1274 4214">
     <span class='ocr_line' id='line_1_36' title="bbox 229 4019 1274 4189; baseline -0.001 -97"><span class='ocrx_word' id='word_1_277' title='bbox 229 4019 357 4092; x_wconf 83' lang='lat' dir='ltr'><strong>hallam</strong></span> <span class='ocrx_word' id='word_1_278' title='bbox 368 4022 458 4092; x_wconf 82' lang='lat' dir='ltr'><strong>lacta</strong></span> <span class='ocrx_word' id='word_1_279' title='bbox 479 4024 725 4116; x_wconf 83' lang='lat' dir='ltr'><strong>expositurum,</strong></span> <span class='ocrx_word' id='word_1_280' title='bbox 748 4023 909 4106; x_wconf 70' lang='lat' dir='ltr'><strong>cf.,§.16.</strong></span> <span class='ocrx_word' id='word_1_281' title='bbox 926 4022 1113 4116; x_wconf 69' lang='lat' dir='ltr'><strong>escape,</strong></span> <span class='ocrx_word' id='word_1_282' title='bbox 1128 4025 1162 4096; x_wconf 86' lang='lat'><strong>1.</strong></span> <span class='ocrx_word' id='word_1_283' title='bbox 1204 4019 1274 4189; x_wconf 46' lang='lat' dir='ltr'><strong>ca}</strong></span> 
     </span>
     <span class='ocr_line' id='line_1_37' title="bbox 241 4136 1255 4214; baseline -0.001 -37"><span class='ocrx_word' id='word_1_284' title='bbox 241 4166 244 4177; x_wconf 75' lang='grc'><strong><em>,</em></strong></span> <span class='ocrx_word' id='word_1_285' title='bbox 420 4175 423 4184; x_wconf 93' lang='grc'>,</span> <span class='ocrx_word' id='word_1_286' title='bbox 680 4136 701 4168; x_wconf 84' lang='grc'><strong>-·</strong></span> <span class='ocrx_word' id='word_1_287' title='bbox 1173 4161 1181 4177; x_wconf 44' lang='lat' dir='ltr'><strong>a</strong></span> <span class='ocrx_word' id='word_1_288' title='bbox 1208 4145 1255 4214; x_wconf 69' lang='lat' dir='ltr'><strong>pu</strong></span> 
     </span>
    </p>
   </div>
   <div class='ocr_carea' id='block_1_6' title="bbox 0 0 1424 4826">
    <p class='ocr_par' dir='ltr' id='par_1_16' title="bbox 0 0 1424 4826">
     <span class='ocr_line' id='line_1_38' title="bbox 0 0 1424 4826; baseline 0 3"><span class='ocrx_word' id='word_1_289' title='bbox 0 0 1424 4826; x_wconf 95' lang='lat' dir='ltr'><strong> </strong></span> 
     </span>
    </p>
   </div>
  </div>
 </body>
</html>
