2838 4826
245 327 312 404 'ld

262 523 292 592 1.
310 521 338 589 1.
358 498 446 604 W
458 519 502 568 -·'·
514 517 570 587 76.
581 527 596 585 τ’
626 493 871 586 Theiamcnein
893 497 1006 585 omnia
1030 501 1237 608 reipnhiieae
1257 541 1312 590 re·
1342 540 1347 549 ¹

264 621 346 692 dens
366 615 623 692 constituendae
646 621 787 689 cdnsiIia
807 622 1052 711 praeuertisse,
1072 630 1112 689 nt
1129 625 1164 690 in
1182 643 1311 694 summa

267 723 551 799 omnidm'rerum
577 724 833 820 perturbatione
853 711 1144 818 popssulom'magis
1168 751 1312 820 propen-

265 830 343 903 hom
361 828 502 899 haberet
523 827 672 924 (notum
675 835 746 912 est,
766 827 882 896 eodem
896 827 1020 894 callido
1035 831 1173 898 oonsilio
1189 821 1312 919 oiiger.

265 936 349 1006 bhos
371 939 449 1004 anni
469 938 546 1006 411.
566 959 623 1004 res
644 935 798 1026 publicas
820 915 1000 1011 ornasse,
1026 955 1059 1003 v.
1079 932 1189 1004 Thac.
1211 933 1312 1018 vm,

260 1042 324 1112 bb
346 1039 456 1130 sqqa)
491 1039 595 1107 donec
618 1037 796 1130 Lysander
820 1059 894 1104 eum
919 1015 1029 1106 classe
1043 1032 1153 1106 Samo
1175 1039 1249 1122 ab
1237 1061 1317 1129 rpso

262 1141 455 1216 arcessitus·
475 1144 669 1213 advenisset
689 1145 758 1222 taut
774 1145 995 1231 μετεπέμψατο
1010 1147 1069 1230 μὲν
1082 1138 1137 1220 τὰς
1150 1167 1227 1228 μετα
1219 1135 1313 1207 Ao-

167 1315 169 1322 .
268 1251 403 1338 odrdooo
419 1255 541 1326 ναῧςκ
507 1249 585 1316 M
556 1251 675 1333 door,
685 1245 870 1332 ἐπεδήμησε
873 1249 907 1314 δὲ
920 1275 956 1314 ιιι
946 1242 1033 1314 sois
1045 1250 1201 1331 πολεμίων
1213 1269 1312 1334 στρα-

263 1357 414 1438 sinodos,
419 1351 570 1440 ¹..§7.l)
598 1351 652 1418 his
678 1357 799 1442 autem
808 1342 1051 1466 Spartanorum
1072 1348 1178 1440 copiis
1202 1348 1312 1446 nisum
1345 1365 1346 1372 ¹

147 1475 149 1480 '
268 1479 344 1525 eum
346 1453 420 1522 ita
427 1453 545 1520 inud
532 1456 718 1548 rmperinm
723 1455 966 1532 constituisse,
986 1460 1027 1520 ut
1041 1451 1153 1550 decem
1169 1452 1312 1564 abipso,

232 1563 234 1568 '
262 1559 383 1628 decem
403 1557 445 1624 ab
468 1557 540 1624 illis
563 1559 709 1650 quinque
730 1560 867 1650 ephoris
885 1565 1104 1640 crearentur,
1129 1549 1298 1644 reliqui
1271 1575 1312 1622 ex

251 1655 331 1747 its,
355 1659 456 1754 qni
444 1680 479 1728 ιι
505 1663 662 1730 concione
692 1661 870 1746 adessent,
899 1662 1142 1731 adiicerentur.
1171 1659 1311 1728 aderant

260 1775 380 1870 autem
408 1767 559 1834 solum'
547 1767 591 1850 ri,
626 1769 686 1858 qui
714 1789 790 1836 cum
812 1761 1021 1880 Theramene
1049 1765 1312 1848 consentiebant,

264 1969 270 1998 ²
370 1973 465 2042 Haec
481 1977 536 2040 est
551 1971 676 2062 Lysiae
695 1971 866 2068 narratio,
886 1997 952 2064 qua
973 1971 1010 2042 id
1027 1970 1117 2064 qnod
1136 1995 1239 2063 supra
1252 1993 1312 2064 po-
1412 1973 1413 2030 ἶ

263 2079 346 2160 sni,
366 2079 452 2148 satis
472 2077 701 2164 confirmatur.
744 2077 848 2148 Alios
866 2097 1002 2168 possem
1024 2099 1065 2144 ex
1083 2077 1236 2145 oratione
1252 2075 1311 2144 ed·

264 2194 387 2253 versus
401 2179 591 2268 Aguratum
612 2183 705 2248 locos
727 2179 891 2265 adiicere,
912 2183 982 2250 nisr
968 2181 1095 2274 piane
1111 2201 1309 2270 supervaca-

261 2297 366 2354 neum
388 2281 556 2356 ducerem.
599 2275 720 2374 Atq'uc
742 2307 817 2354 cum
840 2271 902 2354 hac
914 2285 1043 2376 Lysiae
1062 2285 1213 2353 oratione
1228 2283 1310 2354 Plo-

214 2456 217 2462 ,
264 2387 406 2458 tarohus
418 2388 658 2478 Drodorusque
678 2393 727 2458 rto
739 2393 968 2472 consentront
989 2399 1029 2457 ut
1041 2389 1182 2478 trrgrnta
1194 2397 1311 2478 tyran

187 2547 188 2556 ,
264 2515 328 2562 nos
359 2501 535 2560 auctumno
564 2501 696 2560 creatos
727 2485 840 2562 dicant
875 2497 922 2584 (v.
945 2493 1040 2565 Piut.
1068 2493 1153 2583 Lys.
1181 2497 1236 2562 14.
1258 2495 1312 2563 1³.

263 2595 372 2667 Diod.
393 2593 500 2678 xlll,
522 2597 640 2684 107.,)
668 2619 869 2688 quamquam
888 2599 924 2666 hi
943 2599 1176 2667 etiamnrhem
1194 2603 1312 2664 aucto-

264 2721 344 2768 mno
357 2695 488 2768 demum
504 2699 665 2768 traditam
681 2709 815 2792 putant.
858 2701 1074 2794 Lysandrum
1092 2703 1310 2772 eninioontru

179 2809 187 2825 ⁸
264 2803 406 2875 Samum
428 2803 671 2898 expeditionem
692 2795 832 2890 iecisse,
861 2816 1037 2896 antequam
1059 2807 1218 2875 Athenae
1237 2813 1311 2873 tra-

264 2899 458 2994 derantur,
474 2931 579 3002 parvo
601 2917 731 2978 tantum
753 2911 886 2979 navium
907 2933 1045 2980 numero
1073 2909 1116 2978 ad
1131 2909 1309 3004 *includen-

265 3011 344 3082 dam
364 3015 483 3082 urbem
507 3015 644 3082 relictos
672 3021 774 3105 atque
788 3015 865 3083 inde
879 3017 979 3084 illum
997 3041 1019 3084 a
1031 3015 1241 3083 Theramene
1253 3033 1308 3080 ar·

264 3120 427 3186 rescitum
449 3128 627 3186 auctumno
649 3129 684 3186 et
697 3121 814 3187 urbem
832 3121 962 3225 cepisse
985 3129 1020 3188 et
1036 3121 1179 3205 triginta
1193 3127 1308 3208 tyran-

259 3243 327 3289 nos
341 3221 558 3310 imposuisse.
599 3222 694 3290 Urbs
707 3235 804 3314 cepta
821 3221 999 3292 auctumno
1013 3247 1089 3291 esse
1100 3230 1218 3312 nequit
1230 3245 1311 3314 pro-

263 3331 343 3416 pter
363 3325 614 3416 Thucydidem.
636 3327 672 3395 1d
688 3351 789 3395 unum
804 3329 910 3415 rgrtur
925 3336 1052 3410 restat
1072 3335 1112 3395 ut
1128 3335 1310 3395 auctumno
1365 3333 1369 3340 “

266 3427 429 3517 tyrannos
450 3439 581 3500 creatos
607 3454 683 3500 esse
704 3441 842 3500 narrent
862 3434 979 3558 sicque
997 3427 1122 3522 Lysiae
1140 3429 1310 3500 narratio-

222 3552 225 3568 ¹
261 3553 342 3599 nem
361 3535 615 3626 confirment1).

272 3709 477 3732 m—

258 3825 262 3836 ’
319 3808 352 3878 1)
367 3809 436 3863 Sane
451 3811 506 3866 nisi
518 3811 686 3884 Thucydides
700 3809 830 3873 obstaret,
847 3805 929 3878 magis
945 3806 974 3860 in
986 3805 1124 3862 Plutarchi
1138 3804 1309 3876 Diodorique

370 3895 553 3951 testimoninm
566 3897 740 3955 inclinarem,
758 3895 820 3965 quia
831 3903 857 3946 et
868 3909 959 3952 causa,
976 3911 1026 3948 eor
1040 3892 1174 3966 Lysander
1185 3892 1218 3946 ab
1227 3888 1310 3944 Athe·
1333 3944 1338 3959 Ι

328 4009 331 4018 ·
364 3979 412 4032 mis
425 3979 579 4042 discesserit,
594 3999 643 4056 per
655 3999 683 4034 se
694 3982 756 4034 satis
771 3977 916 4053 probabilis
928 3989 975 4042 est,
983 4011 1018 4026 ·-
1029 3991 1101 4036 tauta
1114 3979 1186 4032 enim
1197 3974 1310 4030 navium

370 4063 464 4136 copia,
483 4086 569 4140 quum
586 4065 701 4122 obsessio
716 4064 880 4131 traheretur,
901 4083 958 4123 non
971 4083 1043 4142 opus
1053 4073 1125 4130 cadi.
1142 4063 1178 4118 ob
1192 4076 1309 4134 eamque
