2838 4826
114 395 160 440 κ,
243 271 409 396 roo'

143 526 150 553 ¹
243 511 295 581 Ex
317 505 436 578 meltis
454 505 542 580 enim
563 503 650 574 loeis
668 513 829 596 apparet,
849 525 944 591 eum,
964 506 1031 577 etsi
1049 507 1160 579 minus
1175 531 1302 603 saepe,

244 624 359 684 mmor
381 619 446 680 non
468 611 579 677 minus
599 608 757 684 lubenter
775 614 878 680 etiam
895 613 981 679 alios
997 616 1141 704 populos
1153 625 1302 704 praeter

194 725 199 732 “
245 713 528 787 Lacedaemonios
550 719 587 780 et
606 711 691 780 alios
710 713 813 784 duces
832 721 970 807 praeter
982 717 1201 804 Agesilaum,
1222 718 1302 786 Το-

247 825 407 905 lentiam,
433 813 680 888 Archidamum
701 818 854 890 laudare.
901 819 985 889 Inde
1006 821 1117 908 igitur
1138 829 1301 912 apparet,

245 951 324 996 eurn
352 925 462 1014 animo
491 920 721 989 sincerissimo
748 925 886 1013 verique
913 923 1205 1012 indagatorem-si
1225 947 1300 996 non

247 1029 500 1107 acutissimum,
526 1031 639 1091 tamen
667 1023 918 1111 integerrimum
945 1049 1036 1098 esse.
1086 1026 1214 1100 Contra
1232 1044 1300 1098 an-

179 1187 181 1192 .
246 1145 316 1204 tem
337 1128 593 1200 Lacedaemonii
620 1127 799 1217 aliquoties
822 1130 853 1197 si
880 1153 948 1199 non
967 1137 1085 1200 contra
1105 1135 1299 1221 veritatem,

249 1247 285 1308 at
307 1239 399 1305 iusto
426 1231 584 1322 cupidius
612 1232 747 1300 laudari
767 1233 943 1317 ridentur,
982 1243 1018 1302 et
1045 1255 1126 1322 erga
1145 1235 1298 1310 Boeotos

247 1349 343 1412 certe
362 1361 402 1408 eo
423 1335 501 1406 adio
525 1335 611 1403 ierri
627 1335 777 1420 videtur,
799 1338 891 1426 quod
910 1360 985 1405 eum
999 1341 1143 1407 veritate
1158 1344 1299 1411 coniun-

247 1451 342 1516 ctum
371 1461 447 1541 esse
470 1444 625 1526 nequeat.
671 1437 716 1505 Id
736 1441 843 1526 igitur
864 1442 1035 1531 explicare
1053 1443 1208 1533 prolecto
1228 1457 1299 1517 noh

246 1567 440 1639 possemus,
471 1543 540 1614 nisi
568 1541 714 1628 ingenii,
740 1565 806 1611 non
832 1545 1020 1614 voluntatis
1039 1547 1160 1616 vitium
1181 1547 1298 1620 dicere

244 1655 378 1725 liceret.
420 1645 523 1715 Nunc
542 1647 656 1714 omnia
679 1653 799 1738 aperta
813 1643 913 1732 sunta
937 1648 1115 1738 ipsumque
1129 1651 1297 1725 hocsatis

246 1751 444 1824 conueniens
464 1751 653 1833 videbitur,
680 1747 771 1839 quod
790 1748 993 1840 Iphicraten
1013 1752 1298 1842 Epaminondam-

243 1883 334 1950 que,
360 1865 401 1925 ut
418 1857 509 1926 infra
528 1853 784 1939 demonstrabo,
811 1855 862 1927 ita
880 1853 1016 1938 laudat,
1045 1865 1087 1926 ut
1104 1858 1225 1929 timere
1244 1865 1296 1932 vi.

244 1964 389 2046 deatur,
408 1983 451 2030 ne
465 1981 585 2051 parum
603 1957 732 2030 laudet.
752 1993 799 2012 -
837 1957 950 2026 Etiam
966 1958 1010 2026 ad
1021 1959 1199 2032 historiam
1211 1964 1292 2034 inde

248 2065 376 2156 aliquis
395 2064 527 2132 fructus
544 2060 726 2130 redundat.
768 2059 883 2148 Quum
902 2063 990 2130 enim
1004 2065 1207 2134 voluntatem
1218 2069 1292 2137 sia·

245 2191 360 2240 ceram
374 2167 628 2248 esseseiarnns,
648 2164 784 2232 facilius
799 2172 835 2232 et
850 2166 1100 2252 cognoscimus,
1120 2172 1153 2238 in
1163 2171 1283 2257 quihus

138 2335 140 2342 ,
248 2272 482 2344 imbecillitate
499 2271 618 2360 lapsus
637 2269 703 2355 sit,
726 2275 763 2338 et
776 2269 828 2338 rei
841 2269 1018 2340 veritatem
1032 2275 1202 2368 paululum
1212 2295 1285 2344 cor.
1326 2293 1330 2300 ·

249 2385 388 2470 ruptam
401 2373 628 2445 restituimus·

246 2557 250 2565 ’
352 2563 580 2634 Athenienses
607 2564 715 2653 igitur
739 2583 842 2656 quum
861 2533 1092 2667 compluribus
1114 2569 1202 2642 locis
1220 2575 1297 2642 lau·

249 2667 328 2762 dat,
355 2674 428 2736 tum
450 2691 517 2740 nno
537 2669 752 2762 potissimum
775 2669 845 2754 ita,
872 2680 913 2740 ut
926 2674 1163 2752 sincerissimo
1185 2677 1297 2746 animo
1343 2707 1355 2724 =

248 2794 326 2842 eum
344 2773 382 2840 id
399 2775 510 2844 lacere
531 2780 705 2866 appareat.
728 2771 861 2842 'Simul
882 2776 959 2865 ipsa
979 2799 1055 2859 res,
1077 2777 1120 2846 de
1142 2801 1211 2868 qua
1237 2803 1297 2849 eos

110 2920 118 2938 ,
248 2870 387 2961 laudat}
414 2879 496 2946 talis
527 2887 601 2962 est,
631 2883 672 2946 ut
691 2875 854 2946 facillime
879 2898 953 2946 eam
975 2903 1117 2970 prorsus
1139 2885 1297 2954 omittere

249 2981 413 3072 potuerit.
454 2981 581 3054 Locum
597 3003 679 3048 eum
694 2979 775 3060 ,dico
803 2979 911 3071 (Vll,
932 2986 1198 3072 5,1s-1⁷.),
1228 3011 1297 3078 quo

205 3163 207 3168 ,
249 3085 477 3156 Athenienses
492 3086 624 3176 equites
638 3083 681 3152 ad
696 3083 901 3154 Mantineam
911 3087 1045 3158 uenisse
1058 3097 1093 3158 ot
1106 3110 1208 3179 (γοιιιιι
1223 3093 1297 3182 pri·

250 3211 342 3258 mum
359 3187 592 3273 advenissent,
613 3211 743 3258 summa
758 3190 933 3260 alacritate
947 3199 982 3260 et
995 3192 1296 3262 fortitudine'l'he-

249 3292 392 3361 hanos‘a
404 3291 578 3362 moenibus
589 3292 686 3360 urhis
698 3289 867 3384 repulisse
882 3293 1051 3366 dicuntur.
1099 3295 1167 3366 llio
1182 3309 1295 3369 autem

250 3398 329 3484 quis
344 3419 409 3470 non
421 3402 581 3484 agnoscat
592 3395 854 3466 sincerissimum
868 3397 1095 3483 laudatorem,
1116 3401 1207 3490 quod
1220 3403 1296 3495 ipsa

247 3501 446 3568 narratione
466 3498 564 3568 finita
581 3499 695 3590 pergit
716 3501 765 3586 (5.
786 3501 875 3588 16.):
904 3499 1059 3571 Ἐνταῦθα
1071 3500 1107 3586 dl
1124 3510 1242 3576 τούτων
1254 3506 1296 3576 ad

251 3597 307 3682 seio
326 3599 438 3691 oioezq's
457 3602 624 3682 vicodardo
642 3603 813 3690 ὥγασθείης
834 3604 866 3672 oi
881 3613 934 3674 aei
947 3602 1030 3674 uolt
1037 3615 1179 3698 πλείονας
1191 3607 1294 3696 δρῶν-

71 3799 73 3806 ,
168 3699 172 3708 ⁴
251 3733 301 3784 τες
315 3703 388 3806 code
405 3711 571 3793 πολεμίους
592 3712 644 3773 καὶ
665 3708 890 3792 δοςτνχῆματος
905 3713 1103 3796 γεγενημένου
1123 3715 1157 3782 ἓν
1173 3719 1294 3803 Κορίν-
1330 3701 1341 3732 χ

251 3817 305 3902 dat
326 3823 394 3889 τοῖς
410 3809 558 3877 ἱππεῦσιν
580 3809 670 3878 oritis
693 3813 804 3878 rodaco
827 3813 1062 3899 ἐπελογίσαντο,
1082 3815 1155 3884 ον’δέ
1173 3817 1224 3886 ὅτι
1240 3825 1293 3888 καὶ

251 3919 403 3999 Θηβαίοις
424 3915 489 3999 ἅμα
507 3918 562 3979 καὶ
581 3919 749 3990 Θετταλοῖς
772 3924 837 3990 τοῖς
859 3923 1033 4002 κρατίστοις
1051 3915 1292 3991 ἱππεῦσινεῖναι

248 4023 391 4089 δοκοῦσιν
408 4016 532 4108 diutior
551 4017 728 4104 μάχεσθαι,
752 4013 818 4088 o'li’
834 4018 1065 4107 νὶογνιόμενὸν,
1091 4023 1120 4095 si
1139 4027 1291 4124 νεορόπος
