<?xml version="1.0" encoding="UTF-8"?>
<!DOCTYPE html PUBLIC "-//W3C//DTD XHTML 1.0 Transitional//EN"
    "http://www.w3.org/TR/xhtml1/DTD/xhtml1-transitional.dtd">
<html xmlns="http://www.w3.org/1999/xhtml" xml:lang="en" lang="en">
 <head>
  <title>
</title>
<meta http-equiv="Content-Type" content="text/html;charset=utf-8" />
  <meta name='ocr-system' content='tesseract 3.04.00' />
  <meta name='ocr-capabilities' content='ocr_page ocr_carea ocr_par ocr_line ocrx_word'/>
</head>
<body>
  <div class='ocr_page' id='page_1' title='image "./commentatiocrit01petegoog_0036.png"; bbox 0 0 2802 4830; ppageno 0'>
   <div class='ocr_carea' id='block_1_1' title="bbox 167 271 1378 602">
    <p class='ocr_par' dir='ltr' id='par_1_1' title="bbox 167 263 1378 602">
     <span class='ocr_line' id='line_1_1' title="bbox 868 271 1373 424; baseline 0.004 -2"><span class='ocrx_word' id='word_1_1' title='bbox 868 405 877 422; x_wconf 78' lang='lat' dir='ltr'><em>l</em></span> <span class='ocrx_word' id='word_1_2' title='bbox 998 271 1001 278; x_wconf 36' lang='grc' dir='ltr'><strong><em>Ι</em></strong></span> <span class='ocrx_word' id='word_1_3' title='bbox 1077 310 1143 418; x_wconf 64' lang='lat' dir='ltr'><strong>l2⁵</strong></span> <span class='ocrx_word' id='word_1_4' title='bbox 1281 415 1290 424; x_wconf 92' lang='lat'><strong><em>.</em></strong></span> <span class='ocrx_word' id='word_1_5' title='bbox 1367 336 1373 346; x_wconf 90' lang='lat'>&#39;</span> 
     </span>
     <span class='ocr_line' id='line_1_2' title="bbox 167 449 1378 602; baseline -0.002 -32"><span class='ocrx_word' id='word_1_6' title='bbox 167 449 383 600; x_wconf 51' lang='lat' dir='ltr'><strong>‚sceepffls</strong></span> <span class='ocrx_word' id='word_1_7' title='bbox 411 503 454 578; x_wconf 91' lang='lat' dir='ltr'><strong>ln</strong></span> <span class='ocrx_word' id='word_1_8' title='bbox 472 502 618 596; x_wconf 78' lang='lat' dir='ltr'><strong>eapite</strong></span> <span class='ocrx_word' id='word_1_9' title='bbox 636 496 773 584; x_wconf 81' lang='lat' dir='ltr'><strong>tertio</strong></span> <span class='ocrx_word' id='word_1_10' title='bbox 794 509 887 572; x_wconf 80' lang='lat' dir='ltr'><strong>reete</strong></span> <span class='ocrx_word' id='word_1_11' title='bbox 902 487 1144 572; x_wconf 79' lang='lat' dir='ltr'><strong>Sobneiderurri</strong></span> <span class='ocrx_word' id='word_1_12' title='bbox 1282 516 1286 520; x_wconf 88' lang='grc'>·</span> <span class='ocrx_word' id='word_1_13' title='bbox 1376 529 1378 602; x_wconf 81' lang='grc' dir='ltr'><strong>ι</strong></span> 
     </span>
    </p>
   </div>
   <div class='ocr_carea' id='block_1_2' title="bbox 42 600 1149 1046">
    <p class='ocr_par' dir='ltr' id='par_1_2' title="bbox 42 600 1149 1016">
     <span class='ocr_line' id='line_1_3' title="bbox 86 600 1147 699; baseline -0.012 -13"><span class='ocrx_word' id='word_1_14' title='bbox 86 600 438 686; x_wconf 65' lang='lat' dir='ltr'><strong>‘rossemannas</strong></span> <span class='ocrx_word' id='word_1_15' title='bbox 455 611 528 678; x_wconf 77' lang='grc' dir='ltr'><strong>ιιι</strong></span> <span class='ocrx_word' id='word_1_16' title='bbox 550 609 785 690; x_wconf 58' lang='lat' dir='ltr'><strong>nasses-sa</strong></span> <span class='ocrx_word' id='word_1_17' title='bbox 802 605 845 696; x_wconf 74' lang='lat' dir='ltr'><strong>rol</strong></span> <span class='ocrx_word' id='word_1_18' title='bbox 859 616 1002 694; x_wconf 63' lang='grc' dir='ltr'><strong>ποιεμειι</strong></span> <span class='ocrx_word' id='word_1_19' title='bbox 1016 611 1147 699; x_wconf 51' lang='lat' dir='ltr'><strong>saniz</strong></span> 
     </span>
     <span class='ocr_line' id='line_1_4' title="bbox 42 713 1148 801; baseline -0.01 -12"><span class='ocrx_word' id='word_1_20' title='bbox 42 785 47 790; x_wconf 82' lang='grc'><em>,</em></span> <span class='ocrx_word' id='word_1_21' title='bbox 94 725 216 798; x_wconf 66' lang='lat' dir='ltr'><strong>dorion</strong></span> <span class='ocrx_word' id='word_1_22' title='bbox 233 717 357 788; x_wconf 81' lang='lat' dir='ltr'><strong>aliendi</strong></span> <span class='ocrx_word' id='word_1_23' title='bbox 377 715 550 784; x_wconf 85' lang='lat' dir='ltr'><strong>existimo:</strong></span> <span class='ocrx_word' id='word_1_24' title='bbox 571 720 758 780; x_wconf 75' lang='lat' dir='ltr'><strong>temerasse</strong></span> <span class='ocrx_word' id='word_1_25' title='bbox 771 713 963 801; x_wconf 70' lang='grc' dir='ltr'><em>Φαρναβάζῳ</em></span> <span class='ocrx_word' id='word_1_26' title='bbox 973 713 1148 799; x_wconf 67' lang='lat' dir='ltr'><strong>&#39;praxea-⁹</strong></span> 
     </span>
     <span class='ocr_line' id='line_1_5' title="bbox 92 813 1147 914; baseline -0.011 -22"><span class='ocrx_word' id='word_1_27' title='bbox 92 828 253 914; x_wconf 61' lang='lat' dir='ltr'><strong>audentem</strong></span> <span class='ocrx_word' id='word_1_28' title='bbox 274 828 367 907; x_wconf 67' lang='lat' dir='ltr'><strong>mbo</strong></span> <span class='ocrx_word' id='word_1_29' title='bbox 387 818 522 888; x_wconf 77' lang='lat' dir='ltr'><strong>admitti</strong></span> <span class='ocrx_word' id='word_1_30' title='bbox 541 837 648 906; x_wconf 77' lang='lat' dir='ltr'><strong>possa</strong></span> <span class='ocrx_word' id='word_1_31' title='bbox 658 815 838 901; x_wconf 85' lang='lat' dir='ltr'><strong>Weiskips</strong></span> <span class='ocrx_word' id='word_1_32' title='bbox 851 815 955 897; x_wconf 77' lang='lat' dir='ltr'><strong>aidis,</strong></span> <span class='ocrx_word' id='word_1_33' title='bbox 976 815 1078 884; x_wconf 79' lang='lat' dir='ltr'><strong>itaut</strong></span> <span class='ocrx_word' id='word_1_34' title='bbox 1091 813 1147 880; x_wconf 88' lang='lat' dir='ltr'><strong>bio</strong></span> 
     </span>
     <span class='ocr_line' id='line_1_6' title="bbox 95 917 1149 1046; baseline -0.01 -52"><span class='ocrx_word' id='word_1_35' title='bbox 95 927 201 997; x_wconf 85' lang='lat' dir='ltr'><strong>loeus</strong></span> <span class='ocrx_word' id='word_1_36' title='bbox 230 929 310 1046; x_wconf 81' lang='lat' dir='ltr'><strong>pipo</strong></span> <span class='ocrx_word' id='word_1_37' title='bbox 341 922 565 1010; x_wconf 84' lang='lat' dir='ltr'><strong>corruptelae</strong></span> <span class='ocrx_word' id='word_1_38' title='bbox 585 943 607 988; x_wconf 98' lang='grc' dir='ltr'><strong>ιι</strong></span> <span class='ocrx_word' id='word_1_39' title='bbox 632 919 787 1006; x_wconf 81' lang='lat' dir='ltr'><strong>librario</strong></span> <span class='ocrx_word' id='word_1_40' title='bbox 804 921 952 986; x_wconf 75' lang='lat' dir='ltr'><strong>traxisse</strong></span> <span class='ocrx_word' id='word_1_41' title='bbox 979 917 1149 1000; x_wconf 77' lang='lat' dir='ltr'><strong>rideatur,</strong></span> 
     </span>
    </p>
   </div>
   <div class='ocr_carea' id='block_1_3' title="bbox 97 996 1380 1120">
    <p class='ocr_par' dir='ltr' id='par_1_3' title="bbox 97 996 1380 1120">
     <span class='ocr_line' id='line_1_7' title="bbox 97 996 1380 1120; baseline -0.011 -21"><span class='ocrx_word' id='word_1_42' title='bbox 97 1051 206 1118; x_wconf 82' lang='lat' dir='ltr'><strong>qnam</strong></span> <span class='ocrx_word' id='word_1_43' title='bbox 226 1029 337 1120; x_wconf 77' lang='lat' dir='ltr'><strong>primo</strong></span> <span class='ocrx_word' id='word_1_44' title='bbox 355 1025 476 1095; x_wconf 89' lang='lat' dir='ltr'><strong>obtutu</strong></span> <span class='ocrx_word' id='word_1_45' title='bbox 498 1029 612 1115; x_wconf 51' lang='lat' dir='ltr'><strong>putes,</strong></span> <span class='ocrx_word' id='word_1_46' title='bbox 662 996 822 1094; x_wconf 68' lang='lat' dir='ltr'><strong>bonus</strong></span> <span class='ocrx_word' id='word_1_47' title='bbox 811 1045 847 1090; x_wconf 92' lang='grc' dir='ltr'><strong>ιιι</strong></span> <span class='ocrx_word' id='word_1_48' title='bbox 865 1019 981 1090; x_wconf 81' lang='lat' dir='ltr'><strong>eadem</strong></span> <span class='ocrx_word' id='word_1_49' title='bbox 999 1024 1148 1093; x_wconf 72' lang='lat' dir='ltr'><strong>sectione</strong></span> <span class='ocrx_word' id='word_1_50' title='bbox 1240 1035 1243 1040; x_wconf 85' lang='grc'><strong>’</strong></span> <span class='ocrx_word' id='word_1_51' title='bbox 1375 1027 1380 1042; x_wconf 83' lang='grc'><em>“</em></span> 
     </span>
    </p>
   </div>
   <div class='ocr_carea' id='block_1_4' title="bbox 34 1101 1238 2666">
    <p class='ocr_par' dir='ltr' id='par_1_4' title="bbox 34 1101 1238 2666">
     <span class='ocr_line' id='line_1_8' title="bbox 99 1101 1151 1224; baseline -0.007 -23"><span class='ocrx_word' id='word_1_52' title='bbox 99 1135 194 1224; x_wconf 79' lang='lat' dir='ltr'><strong>male</strong></span> <span class='ocrx_word' id='word_1_53' title='bbox 208 1129 431 1222; x_wconf 75' lang='lat' dir='ltr'><strong>Sebneiderus</strong></span> <span class='ocrx_word' id='word_1_54' title='bbox 444 1127 690 1220; x_wconf 77' lang='lat' dir='ltr'><strong>Koepponiurp</strong></span> <span class='ocrx_word' id='word_1_55' title='bbox 691 1101 836 1210; x_wconf 76' lang='lat' dir='ltr'><strong>aeonius</strong></span> <span class='ocrx_word' id='word_1_56' title='bbox 856 1125 977 1209; x_wconf 83' lang='lat' dir='ltr'><strong>est,‘</strong></span> <span class='ocrx_word' id='word_1_57' title='bbox 945 1153 977 1192; x_wconf 77' lang='lat' dir='ltr'><strong>oo</strong></span> <span class='ocrx_word' id='word_1_58' title='bbox 986 1151 1073 1212; x_wconf 78' lang='grc' dir='ltr'><strong><em>παρα</em></strong></span> <span class='ocrx_word' id='word_1_59' title='bbox 1063 1121 1151 1211; x_wconf 81' lang='grc' dir='ltr'><strong>βα-</strong></span> 
     </span>
     <span class='ocr_line' id='line_1_9' title="bbox 100 1223 1238 1324; baseline -0.01 -18"><span class='ocrx_word' id='word_1_60' title='bbox 100 1241 217 1314; x_wconf 79' lang='grc' dir='ltr'><strong>σιλέως</strong></span> <span class='ocrx_word' id='word_1_61' title='bbox 230 1239 374 1324; x_wconf 80' lang='grc' dir='ltr'><strong>πρέσβεις</strong></span> <span class='ocrx_word' id='word_1_62' title='bbox 389 1239 594 1316; x_wconf 82' lang='lat' dir='ltr'><strong>mutantem,</strong></span> <span class='ocrx_word' id='word_1_63' title='bbox 615 1231 706 1321; x_wconf 84' lang='lat' dir='ltr'><strong>qnod</strong></span> <span class='ocrx_word' id='word_1_64' title='bbox 726 1231 781 1297; x_wconf 88' lang='lat' dir='ltr'><strong>illi</strong></span> <span class='ocrx_word' id='word_1_65' title='bbox 798 1230 903 1316; x_wconf 82' lang='lat' dir='ltr'><strong>legati</strong></span> <span class='ocrx_word' id='word_1_66' title='bbox 918 1228 1050 1296; x_wconf 87' lang='lat' dir='ltr'><strong>damnm</strong></span> <span class='ocrx_word' id='word_1_67' title='bbox 1066 1227 1152 1302; x_wconf 82' lang='lat' dir='ltr'><strong>ituri</strong></span> <span class='ocrx_word' id='word_1_68' title='bbox 1234 1223 1238 1246; x_wconf 70' lang='lat'>¹</span> 
     </span>
     <span class='ocr_line' id='line_1_10' title="bbox 34 1332 1153 1430; baseline -0.009 -22"><span class='ocrx_word' id='word_1_69' title='bbox 34 1406 38 1420; x_wconf 79' lang='grc'><em>,</em></span> <span class='ocrx_word' id='word_1_70' title='bbox 105 1337 153 1430; x_wconf 88' lang='lat' dir='ltr'><strong>ad</strong></span> <span class='ocrx_word' id='word_1_71' title='bbox 173 1361 286 1428; x_wconf 82' lang='lat' dir='ltr'><strong>regem</strong></span> <span class='ocrx_word' id='word_1_72' title='bbox 308 1345 434 1406; x_wconf 83' lang='lat' dir='ltr'><strong>essent.</strong></span> <span class='ocrx_word' id='word_1_73' title='bbox 476 1334 566 1404; x_wconf 90' lang='lat' dir='ltr'><strong>Itnri</strong></span> <span class='ocrx_word' id='word_1_74' title='bbox 586 1357 667 1403; x_wconf 89' lang='lat' dir='ltr'><strong>sane</strong></span> <span class='ocrx_word' id='word_1_75' title='bbox 686 1341 784 1416; x_wconf 88' lang='lat' dir='ltr'><strong>sunt,</strong></span> <span class='ocrx_word' id='word_1_76' title='bbox 804 1332 1153 1415; x_wconf 85' lang='lat' dir='ltr'><strong>sodiidemredituri,</strong></span> 
     </span>
     <span class='ocr_line' id='line_1_11' title="bbox 67 1426 1155 1533; baseline -0.007 -23"><span class='ocrx_word' id='word_1_77' title='bbox 67 1441 74 1452; x_wconf 83' lang='lat'><em>&#39;</em></span> <span class='ocrx_word' id='word_1_78' title='bbox 105 1449 144 1510; x_wconf 86' lang='lat' dir='ltr'><strong>et</strong></span> <span class='ocrx_word' id='word_1_79' title='bbox 157 1443 247 1533; x_wconf 84' lang='lat' dir='ltr'><strong>qnod</strong></span> <span class='ocrx_word' id='word_1_80' title='bbox 263 1443 442 1530; x_wconf 69' lang='lat' dir='ltr'><strong>genitivum</strong></span> <span class='ocrx_word' id='word_1_81' title='bbox 459 1467 545 1528; x_wconf 83' lang='grc' dir='ltr'><strong><em>παρα</em></strong></span> <span class='ocrx_word' id='word_1_82' title='bbox 534 1436 707 1526; x_wconf 71' lang='grc' dir='ltr'><strong>βαιιιιως</strong></span> <span class='ocrx_word' id='word_1_83' title='bbox 719 1438 858 1528; x_wconf 83' lang='lat' dir='ltr'><strong>posuit,</strong></span> <span class='ocrx_word' id='word_1_84' title='bbox 879 1426 1069 1526; x_wconf 81' lang='lat' dir='ltr'><strong>apparetid</strong></span> <span class='ocrx_word' id='word_1_85' title='bbox 1082 1435 1155 1503; x_wconf 88' lang='lat' dir='ltr'><strong>Xe·</strong></span> 
     </span>
     <span class='ocr_line' id='line_1_12' title="bbox 62 1537 1153 1636; baseline -0.008 -21"><span class='ocrx_word' id='word_1_86' title='bbox 62 1563 72 1580; x_wconf 87' lang='lat'><strong>·</strong></span> <span class='ocrx_word' id='word_1_87' title='bbox 100 1537 324 1636; x_wconf 78' lang='lat' dir='ltr'><strong>nepbontem</strong></span> <span class='ocrx_word' id='word_1_88' title='bbox 319 1546 365 1612; x_wconf 90' lang='grc' dir='ltr'><strong>ιιι</strong></span> <span class='ocrx_word' id='word_1_89' title='bbox 379 1545 486 1613; x_wconf 81' lang='lat' dir='ltr'><strong>verbo</strong></span> <span class='ocrx_word' id='word_1_90' title='bbox 505 1547 611 1613; x_wconf 68' lang='lat' dir='ltr'><strong>&#39;laeso</strong></span> <span class='ocrx_word' id='word_1_91' title='bbox 632 1543 792 1612; x_wconf 82' lang='lat' dir='ltr'><strong>voluisse.</strong></span> <span class='ocrx_word' id='word_1_92' title='bbox 835 1541 902 1610; x_wconf 88' lang='lat' dir='ltr'><strong>Est</strong></span> <span class='ocrx_word' id='word_1_93' title='bbox 918 1550 1029 1607; x_wconf 87' lang='lat' dir='ltr'><strong>eutem</strong></span> <span class='ocrx_word' id='word_1_94' title='bbox 1045 1543 1153 1606; x_wconf 83' lang='lat' dir='ltr'><strong>attra-</strong></span> 
     </span>
     <span class='ocr_line' id='line_1_13' title="bbox 103 1633 1149 1738; baseline -0.011 -18"><span class='ocrx_word' id='word_1_95' title='bbox 103 1651 229 1720; x_wconf 86' lang='lat' dir='ltr'><strong>otionis</strong></span> <span class='ocrx_word' id='word_1_96' title='bbox 247 1671 355 1738; x_wconf 82' lang='lat' dir='ltr'><strong>genus</strong></span> <span class='ocrx_word' id='word_1_97' title='bbox 370 1639 650 1725; x_wconf 81' lang='lat' dir='ltr'><strong>usitatissimum,</strong></span> <span class='ocrx_word' id='word_1_98' title='bbox 669 1633 837 1738; x_wconf 85' lang='lat' dir='ltr'><strong>v.Mattb.</strong></span> <span class='ocrx_word' id='word_1_99' title='bbox 859 1646 984 1728; x_wconf 83' lang='lat'><strong>§..596</strong></span> <span class='ocrx_word' id='word_1_100' title='bbox 1002 1665 1063 1713; x_wconf 91' lang='lat' dir='ltr'><strong>a.·</strong></span> <span class='ocrx_word' id='word_1_101' title='bbox 1144 1670 1149 1684; x_wconf 91' lang='lat'>·</span> 
     </span>
     <span class='ocr_line' id='line_1_14' title="bbox 213 1743 1216 1834; baseline -0.007 -15"><span class='ocrx_word' id='word_1_102' title='bbox 213 1750 420 1821; x_wconf 81' lang='lat' dir='ltr'><strong>Getarum</strong></span> <span class='ocrx_word' id='word_1_103' title='bbox 409 1771 445 1814; x_wconf 91' lang='lat' dir='ltr'><strong>m</strong></span> <span class='ocrx_word' id='word_1_104' title='bbox 477 1747 595 1814; x_wconf 89' lang='lat' dir='ltr'><strong>eodem</strong></span> <span class='ocrx_word' id='word_1_105' title='bbox 627 1747 748 1834; x_wconf 86' lang='lat' dir='ltr'><strong>eapite</strong></span> <span class='ocrx_word' id='word_1_106' title='bbox 765 1745 924 1833; x_wconf 80' lang='lat' dir='ltr'><strong>Byzantii</strong></span> <span class='ocrx_word' id='word_1_107' title='bbox 951 1743 1154 1832; x_wconf 75' lang='lat' dir='ltr'><strong>expugnatio</strong></span> <span class='ocrx_word' id='word_1_108' title='bbox 1213 1749 1216 1754; x_wconf 83' lang='grc'>’</span> 
     </span>
     <span class='ocr_line' id='line_1_15' title="bbox 106 1841 1217 1936; baseline -0.01 -15"><span class='ocrx_word' id='word_1_109' title='bbox 106 1855 137 1936; x_wconf 87' lang='lat'><strong>§.</strong></span> <span class='ocrx_word' id='word_1_110' title='bbox 160 1855 333 1921; x_wconf 74' lang='lat' dir='ltr'><strong>ls-aa.</strong></span> <span class='ocrx_word' id='word_1_111' title='bbox 357 1849 439 1918; x_wconf 87' lang='lat' dir='ltr'><strong>adeo</strong></span> <span class='ocrx_word' id='word_1_112' title='bbox 461 1851 624 1918; x_wconf 83' lang='lat' dir='ltr'><strong>breviter·</strong></span> <span class='ocrx_word' id='word_1_113' title='bbox 632 1857 827 1930; x_wconf 77' lang='lat' dir='ltr'><strong>enarratur,</strong></span> <span class='ocrx_word' id='word_1_114' title='bbox 856 1855 898 1915; x_wconf 90' lang='lat' dir='ltr'><strong>ut</strong></span> <span class='ocrx_word' id='word_1_115' title='bbox 916 1849 948 1914; x_wconf 95' lang='lat' dir='ltr'><strong>si</strong></span> <span class='ocrx_word' id='word_1_116' title='bbox 965 1849 1155 1915; x_wconf 84' lang='lat' dir='ltr'><strong>Diodorum</strong></span> <span class='ocrx_word' id='word_1_117' title='bbox 1183 1841 1217 1922; x_wconf 65' lang='lat' dir='ltr'><strong>,J</strong></span> 
     </span>
     <span class='ocr_line' id='line_1_16' title="bbox 108 1951 1187 2044; baseline -0.001 -21"><span class='ocrx_word' id='word_1_118' title='bbox 108 1952 298 2044; x_wconf 66' lang='lat' dir='ltr'><strong>(xlmas</strong></span> <span class='ocrx_word' id='word_1_119' title='bbox 311 1989 356 2006; x_wconf 83' lang='lat'><strong>--</strong></span> <span class='ocrx_word' id='word_1_120' title='bbox 369 1955 442 2043; x_wconf 82' lang='lat'><strong>6⁷.)</strong></span> <span class='ocrx_word' id='word_1_121' title='bbox 466 1952 752 2042; x_wconf 85' lang='lat' dir='ltr'><strong>Plutarebumque</strong></span> <span class='ocrx_word' id='word_1_122' title='bbox 778 1951 876 2040; x_wconf 83' lang='lat' dir='ltr'><strong>(Ale.</strong></span> <span class='ocrx_word' id='word_1_123' title='bbox 897 1953 976 2038; x_wconf 87' lang='grc'><strong>31.)1</strong></span> <span class='ocrx_word' id='word_1_124' title='bbox 991 1953 1157 2032; x_wconf 78' lang='lat' dir='ltr'><strong>conferas,</strong></span> <span class='ocrx_word' id='word_1_125' title='bbox 1182 1969 1187 2022; x_wconf 68' lang='lat' dir='ltr'><strong>i</strong></span> 
     </span>
     <span class='ocr_line' id='line_1_17' title="bbox 107 2053 1156 2128; baseline -0.008 0"><span class='ocrx_word' id='word_1_126' title='bbox 107 2061 168 2128; x_wconf 71' lang='lat' dir='ltr'><strong>vel</strong></span> <span class='ocrx_word' id='word_1_127' title='bbox 188 2059 310 2128; x_wconf 83' lang='lat' dir='ltr'><strong>ialsam</strong></span> <span class='ocrx_word' id='word_1_128' title='bbox 328 2059 414 2124; x_wconf 86' lang='lat' dir='ltr'><strong>bano</strong></span> <span class='ocrx_word' id='word_1_129' title='bbox 431 2055 659 2124; x_wconf 80' lang='lat' dir='ltr'><strong>narrationem</strong></span> <span class='ocrx_word' id='word_1_130' title='bbox 675 2061 750 2122; x_wconf 88' lang='lat' dir='ltr'><strong>ess&#39;e</strong></span> <span class='ocrx_word' id='word_1_131' title='bbox 762 2055 888 2124; x_wconf 89' lang='lat' dir='ltr'><strong>videas.</strong></span> <span class='ocrx_word' id='word_1_132' title='bbox 932 2053 1066 2124; x_wconf 82' lang='lat' dir='ltr'><strong>Vitium</strong></span> <span class='ocrx_word' id='word_1_133' title='bbox 1084 2075 1156 2121; x_wconf 90' lang='lat' dir='ltr'><strong>ma-</strong></span> 
     </span>
     <span class='ocr_line' id='line_1_18' title="bbox 109 2157 1232 2249; baseline -0.006 -19"><span class='ocrx_word' id='word_1_134' title='bbox 109 2157 198 2230; x_wconf 84' lang='lat' dir='ltr'><strong>xime</strong></span> <span class='ocrx_word' id='word_1_135' title='bbox 218 2163 254 2230; x_wconf 89' lang='lat' dir='ltr'><strong>in</strong></span> <span class='ocrx_word' id='word_1_136' title='bbox 280 2159 486 2230; x_wconf 77' lang='lat' dir='ltr'><strong>sectionibus</strong></span> <span class='ocrx_word' id='word_1_137' title='bbox 504 2163 548 2229; x_wconf 83' lang='grc'><strong>19</strong></span> <span class='ocrx_word' id='word_1_138' title='bbox 560 2189 606 2211; x_wconf 57' lang='lat'><strong>-2</strong></span> <span class='ocrx_word' id='word_1_139' title='bbox 618 2163 675 2228; x_wconf 84' lang='grc'><strong>21.</strong></span> <span class='ocrx_word' id='word_1_140' title='bbox 702 2158 836 2228; x_wconf 83' lang='lat' dir='ltr'><strong>&#39;videtur</strong></span> <span class='ocrx_word' id='word_1_141' title='bbox 857 2161 975 2231; x_wconf 86' lang='lat' dir='ltr'><strong>latere.</strong></span> <span class='ocrx_word' id='word_1_142' title='bbox 1020 2159 1157 2249; x_wconf 79' lang='lat' dir='ltr'><strong>Quippe</strong></span> <span class='ocrx_word' id='word_1_143' title='bbox 1172 2157 1187 2187; x_wconf 89' lang='lat'><strong>·&#39;</strong></span> <span class='ocrx_word' id='word_1_144' title='bbox 1205 2161 1210 2181; x_wconf 89' lang='lat'><strong><em>¹</em></strong></span> <span class='ocrx_word' id='word_1_145' title='bbox 1227 2167 1232 2174; x_wconf 84' lang='grc'><strong>“</strong></span> 
     </span>
     <span class='ocr_line' id='line_1_19' title="bbox 111 2263 1156 2352; baseline 0 -20"><span class='ocrx_word' id='word_1_146' title='bbox 111 2263 311 2333; x_wconf 77' lang='lat' dir='ltr'><strong>Aleibiades</strong></span> <span class='ocrx_word' id='word_1_147' title='bbox 340 2264 501 2332; x_wconf 87' lang='lat' dir='ltr'><strong>dieendus</strong></span> <span class='ocrx_word' id='word_1_148' title='bbox 531 2265 605 2331; x_wconf 84' lang='lat' dir='ltr'><strong>erat</strong></span> <span class='ocrx_word' id='word_1_149' title='bbox 632 2263 779 2352; x_wconf 85' lang='lat' dir='ltr'><strong>primum</strong></span> <span class='ocrx_word' id='word_1_150' title='bbox 802 2263 954 2332; x_wconf 79' lang='lat' dir='ltr'><strong>discessu</strong></span> <span class='ocrx_word' id='word_1_151' title='bbox 976 2284 1036 2332; x_wconf 88' lang='lat' dir='ltr'><strong>sno</strong></span> <span class='ocrx_word' id='word_1_152' title='bbox 1061 2269 1156 2332; x_wconf 84' lang='lat' dir='ltr'><strong>tutos</strong></span> 
     </span>
     <span class='ocr_line' id='line_1_20' title="bbox 112 2365 1157 2460; baseline 0 -24"><span class='ocrx_word' id='word_1_153' title='bbox 112 2365 305 2460; x_wconf 68' lang='lat' dir='ltr'><strong>reddidisse</strong></span> <span class='ocrx_word' id='word_1_154' title='bbox 319 2367 521 2456; x_wconf 86' lang='lat' dir='ltr'><strong>Byzantios,</strong></span> <span class='ocrx_word' id='word_1_155' title='bbox 543 2366 666 2435; x_wconf 84' lang='lat' dir='ltr'><strong>deinde</strong></span> <span class='ocrx_word' id='word_1_156' title='bbox 678 2391 719 2437; x_wconf 86' lang='grc' dir='ltr'><strong>ιιι</strong></span> <span class='ocrx_word' id='word_1_157' title='bbox 738 2370 924 2457; x_wconf 76' lang='lat' dir='ltr'><strong>composito</strong></span> <span class='ocrx_word' id='word_1_158' title='bbox 940 2365 1100 2449; x_wconf 87' lang='lat' dir='ltr'><strong>rediisse,</strong></span> <span class='ocrx_word' id='word_1_159' title='bbox 1120 2373 1157 2436; x_wconf 87' lang='lat' dir='ltr'><strong>et</strong></span> 
     </span>
     <span class='ocr_line' id='line_1_21' title="bbox 115 2465 1235 2562; baseline 0.004 -27"><span class='ocrx_word' id='word_1_160' title='bbox 115 2487 217 2557; x_wconf 82' lang='lat' dir='ltr'><strong>qaum</strong></span> <span class='ocrx_word' id='word_1_161' title='bbox 237 2473 393 2540; x_wconf 83' lang='lat' dir='ltr'><strong>exterriti</strong></span> <span class='ocrx_word' id='word_1_162' title='bbox 405 2465 659 2562; x_wconf 85' lang='lat' dir='ltr'><strong>Peloponnesii,</strong></span> <span class='ocrx_word' id='word_1_163' title='bbox 681 2472 777 2540; x_wconf 90' lang='lat' dir='ltr'><strong>urbis</strong></span> <span class='ocrx_word' id='word_1_164' title='bbox 796 2471 952 2539; x_wconf 85' lang='lat' dir='ltr'><strong>custodes</strong></span> <span class='ocrx_word' id='word_1_165' title='bbox 970 2472 1005 2536; x_wconf 90' lang='lat' dir='ltr'><strong>in</strong></span> <span class='ocrx_word' id='word_1_166' title='bbox 1020 2477 1156 2560; x_wconf 77' lang='lat' dir='ltr'><strong>portum</strong></span> <span class='ocrx_word' id='word_1_167' title='bbox 1222 2506 1235 2528; x_wconf 56' lang='grc' dir='ltr'>κ</span> 
     </span>
     <span class='ocr_line' id='line_1_22' title="bbox 113 2574 1158 2666; baseline 0.004 -26"><span class='ocrx_word' id='word_1_168' title='bbox 113 2574 351 2655; x_wconf 80' lang='lat' dir='ltr'><strong>festinassent,</strong></span> <span class='ocrx_word' id='word_1_169' title='bbox 371 2577 406 2642; x_wconf 90' lang='lat' dir='ltr'><strong>in</strong></span> <span class='ocrx_word' id='word_1_170' title='bbox 429 2597 527 2664; x_wconf 89' lang='lat' dir='ltr'><strong>quem</strong></span> <span class='ocrx_word' id='word_1_171' title='bbox 547 2575 701 2666; x_wconf 83' lang='lat' dir='ltr'><strong>impetns‘</strong></span> <span class='ocrx_word' id='word_1_172' title='bbox 714 2576 952 2656; x_wconf 85' lang='lat' dir='ltr'><strong>simulabatur,</strong></span> <span class='ocrx_word' id='word_1_173' title='bbox 966 2576 1032 2663; x_wconf 63' lang='lat' dir='ltr'><strong>&#39;qui</strong></span> <span class='ocrx_word' id='word_1_174' title='bbox 1048 2575 1158 2644; x_wconf 88' lang='lat' dir='ltr'><strong>nesei-</strong></span> 
     </span>
    </p>
   </div>
   <div class='ocr_carea' id='block_1_5' title="bbox 82 2678 1282 2770">
    <p class='ocr_par' dir='ltr' id='par_1_5' title="bbox 82 2678 1282 2770">
     <span class='ocr_line' id='line_1_23' title="bbox 82 2678 1282 2770; baseline 0.003 -27"><span class='ocrx_word' id='word_1_175' title='bbox 82 2704 88 2714; x_wconf 34' lang='grc' dir='ltr'><strong>ι’</strong></span> <span class='ocrx_word' id='word_1_176' title='bbox 117 2685 203 2759; x_wconf 88' lang='lat' dir='ltr'><strong>rent,</strong></span> <span class='ocrx_word' id='word_1_177' title='bbox 224 2698 325 2764; x_wconf 85' lang='lat' dir='ltr'><strong>quam</strong></span> <span class='ocrx_word' id='word_1_178' title='bbox 337 2679 490 2745; x_wconf 84' lang='lat' dir='ltr'><strong>fraudem</strong></span> <span class='ocrx_word' id='word_1_179' title='bbox 503 2678 701 2746; x_wconf 79' lang='lat' dir='ltr'><strong>Alcibiades</strong></span> <span class='ocrx_word' id='word_1_180' title='bbox 715 2687 871 2770; x_wconf 86' lang='lat' dir='ltr'><strong>parasset</strong></span> <span class='ocrx_word' id='word_1_181' title='bbox 885 2678 1023 2766; x_wconf 83' lang='lat' dir='ltr'><strong>(Diod.:</strong></span> <span class='ocrx_word' id='word_1_182' title='bbox 1034 2681 1076 2747; x_wconf 79' lang='lat' dir='ltr'><strong>&#39;ol</strong></span> <span class='ocrx_word' id='word_1_183' title='bbox 1089 2687 1158 2748; x_wconf 86' lang='grc' dir='ltr'><strong>Πε-</strong></span> <span class='ocrx_word' id='word_1_184' title='bbox 1278 2735 1282 2746; x_wconf 88' lang='grc'><strong>.</strong></span> 
     </span>
    </p>
   </div>
   <div class='ocr_carea' id='block_1_6' title="bbox 118 2771 1157 2873">
    <p class='ocr_par' dir='ltr' id='par_1_6' title="bbox 118 2771 1157 2873">
     <span class='ocr_line' id='line_1_24' title="bbox 118 2771 1157 2873; baseline 0.001 -24"><span class='ocrx_word' id='word_1_185' title='bbox 118 2785 313 2862; x_wconf 73' lang='grc' dir='ltr'><strong>λοπονιιήσιοι</strong></span> <span class='ocrx_word' id='word_1_186' title='bbox 325 2787 374 2850; x_wconf 74' lang='lat' dir='ltr'><strong>siai</strong></span> <span class='ocrx_word' id='word_1_187' title='bbox 385 2771 421 2849; x_wconf 61' lang='lat' dir='ltr'><strong>¹oi</strong></span> <span class='ocrx_word' id='word_1_188' title='bbox 431 2777 487 2864; x_wconf 74' lang='grc' dir='ltr'><strong>τήν</strong></span> <span class='ocrx_word' id='word_1_189' title='bbox 498 2783 618 2864; x_wconf 68' lang='lat' dir='ltr'><strong>dadone</strong></span> <span class='ocrx_word' id='word_1_190' title='bbox 630 2781 843 2870; x_wconf 67' lang='grc' dir='ltr'><strong>ἀγνοοῦντες),</strong></span> <span class='ocrx_word' id='word_1_191' title='bbox 866 2803 885 2847; x_wconf 84' lang='lat' dir='ltr'><strong>a</strong></span> <span class='ocrx_word' id='word_1_192' title='bbox 899 2783 1088 2853; x_wconf 76' lang='lat' dir='ltr'><strong>coniuratis</strong></span> <span class='ocrx_word' id='word_1_193' title='bbox 1096 2805 1157 2873; x_wconf 83' lang='lat' dir='ltr'><strong>pel·</strong></span> 
     </span>
    </p>
   </div>
   <div class='ocr_carea' id='block_1_7' title="bbox 122 2885 1295 3084">
    <p class='ocr_par' dir='ltr' id='par_1_7' title="bbox 122 2885 1295 3084">
     <span class='ocr_line' id='line_1_25' title="bbox 122 2885 1289 2975; baseline 0.004 -23"><span class='ocrx_word' id='word_1_194' title='bbox 122 2887 230 2952; x_wconf 87' lang='lat' dir='ltr'><strong>soalas</strong></span> <span class='ocrx_word' id='word_1_195' title='bbox 246 2907 322 2954; x_wconf 87' lang='lat' dir='ltr'><strong>oum</strong></span> <span class='ocrx_word' id='word_1_196' title='bbox 335 2885 408 2952; x_wconf 88' lang='lat' dir='ltr'><strong>suis</strong></span> <span class='ocrx_word' id='word_1_197' title='bbox 422 2886 458 2950; x_wconf 89' lang='lat' dir='ltr'><strong>ln</strong></span> <span class='ocrx_word' id='word_1_198' title='bbox 469 2886 592 2952; x_wconf 88' lang='lat' dir='ltr'><strong>urbem</strong></span> <span class='ocrx_word' id='word_1_199' title='bbox 604 2887 824 2954; x_wconf 84' lang='lat' dir='ltr'><strong>transmissus</strong></span> <span class='ocrx_word' id='word_1_200' title='bbox 839 2906 926 2955; x_wconf 88' lang='lat' dir='ltr'><strong>esse.</strong></span> <span class='ocrx_word' id='word_1_201' title='bbox 968 2885 1159 2975; x_wconf 88' lang='lat' dir='ltr'><strong>Xenophon</strong></span> <span class='ocrx_word' id='word_1_202' title='bbox 1286 2948 1289 2956; x_wconf 79' lang='grc'>,</span> 
     </span>
     <span class='ocr_line' id='line_1_26' title="bbox 122 2986 1295 3084; baseline 0 -28"><span class='ocrx_word' id='word_1_203' title='bbox 122 2995 317 3084; x_wconf 81' lang='lat' dir='ltr'><strong>autemnon</strong></span> <span class='ocrx_word' id='word_1_204' title='bbox 338 2994 469 3056; x_wconf 81' lang='lat' dir='ltr'><strong>tantum</strong></span> <span class='ocrx_word' id='word_1_205' title='bbox 492 2991 578 3056; x_wconf 89' lang='lat' dir='ltr'><strong>nibil</strong></span> <span class='ocrx_word' id='word_1_206' title='bbox 597 2988 639 3056; x_wconf 90' lang='lat' dir='ltr'><strong>de</strong></span> <span class='ocrx_word' id='word_1_207' title='bbox 657 2991 728 3068; x_wconf 87' lang='lat' dir='ltr'><strong>bis,</strong></span> <span class='ocrx_word' id='word_1_208' title='bbox 756 2986 817 3052; x_wconf 90' lang='lat' dir='ltr'><strong>sed</strong></span> <span class='ocrx_word' id='word_1_209' title='bbox 839 2988 941 3054; x_wconf 88' lang='lat' dir='ltr'><strong>etiam</strong></span> <span class='ocrx_word' id='word_1_210' title='bbox 960 3009 1024 3075; x_wconf 92' lang='lat' dir='ltr'><strong>per</strong></span> <span class='ocrx_word' id='word_1_211' title='bbox 1040 2995 1158 3078; x_wconf 83' lang='lat' dir='ltr'><strong>portas</strong></span> <span class='ocrx_word' id='word_1_212' title='bbox 1292 3018 1295 3025; x_wconf 60' lang='grc'>’</span> 
     </span>
    </p>
   </div>
   <div class='ocr_carea' id='block_1_8' title="bbox 121 3089 1204 4016">
    <p class='ocr_par' dir='ltr' id='par_1_8' title="bbox 121 3089 1204 4016">
     <span class='ocr_line' id='line_1_27' title="bbox 121 3089 1204 3182; baseline -0.003 -20"><span class='ocrx_word' id='word_1_213' title='bbox 121 3093 281 3162; x_wconf 86' lang='lat' dir='ltr'><strong>introisse</strong></span> <span class='ocrx_word' id='word_1_214' title='bbox 299 3092 513 3161; x_wconf 77' lang='lat' dir='ltr'><strong>Alcibiadem</strong></span> <span class='ocrx_word' id='word_1_215' title='bbox 535 3093 635 3161; x_wconf 88' lang='lat' dir='ltr'><strong>dioit:</strong></span> <span class='ocrx_word' id='word_1_216' title='bbox 661 3090 927 3178; x_wconf 82' lang='lat' dir='ltr'><strong>¹rideturautem</strong></span> <span class='ocrx_word' id='word_1_217' title='bbox 945 3089 1082 3182; x_wconf 87' lang='lat' dir='ltr'><strong>aliquod</strong></span> <span class='ocrx_word' id='word_1_218' title='bbox 1102 3113 1161 3180; x_wconf 81' lang='lat' dir='ltr'><strong>ge·</strong></span> <span class='ocrx_word' id='word_1_219' title='bbox 1188 3097 1204 3122; x_wconf 77' lang='grc'><strong>’“</strong></span> 
     </span>
     <span class='ocr_line' id='line_1_28' title="bbox 123 3195 1159 3286; baseline 0.001 -24"><span class='ocrx_word' id='word_1_220' title='bbox 123 3197 243 3264; x_wconf 87' lang='lat' dir='ltr'><strong>uuioae</strong></span> <span class='ocrx_word' id='word_1_221' title='bbox 259 3197 464 3264; x_wconf 87' lang='lat' dir='ltr'><strong>narrationis</strong></span> <span class='ocrx_word' id='word_1_222' title='bbox 478 3198 658 3284; x_wconf 84' lang='lat' dir='ltr'><strong>vestigium</strong></span> <span class='ocrx_word' id='word_1_223' title='bbox 674 3195 894 3278; x_wconf 88' lang='lat' dir='ltr'><strong>remansisse,</strong></span> <span class='ocrx_word' id='word_1_224' title='bbox 920 3196 1010 3284; x_wconf 88' lang='lat' dir='ltr'><strong>quod</strong></span> <span class='ocrx_word' id='word_1_225' title='bbox 1030 3197 1159 3286; x_wconf 81' lang='lat' dir='ltr'><strong>pergit:</strong></span> 
     </span>
     <span class='ocr_line' id='line_1_29' title="bbox 122 3299 1161 3391; baseline -0.002 -23"><span class='ocrx_word' id='word_1_226' title='bbox 122 3307 161 3368; x_wconf 78' lang='lat'><strong>‘0</strong></span> <span class='ocrx_word' id='word_1_227' title='bbox 181 3305 216 3385; x_wconf 70' lang='lat' dir='ltr'><strong>di</strong></span> <span class='ocrx_word' id='word_1_228' title='bbox 228 3300 350 3380; x_wconf 79' lang='grc' dir='ltr'><strong>Ἕλιξος</strong></span> <span class='ocrx_word' id='word_1_229' title='bbox 368 3310 421 3372; x_wconf 77' lang='grc' dir='ltr'><strong>καὶ</strong></span> <span class='ocrx_word' id='word_1_230' title='bbox 442 3301 462 3370; x_wconf 81' lang='lat' dir='ltr'><strong>&lt;i</strong></span> <span class='ocrx_word' id='word_1_231' title='bbox 479 3305 672 3391; x_wconf 71' lang='grc' dir='ltr'><strong>Κοιρατάδας</strong></span> <span class='ocrx_word' id='word_1_232' title='bbox 696 3301 791 3384; x_wconf 84' lang='lat' dir='ltr'><strong>(sunt</strong></span> <span class='ocrx_word' id='word_1_233' title='bbox 812 3305 922 3366; x_wconf 80' lang='lat' dir='ltr'><strong>autam</strong></span> <span class='ocrx_word' id='word_1_234' title='bbox 942 3301 977 3366; x_wconf 92' lang='lat' dir='ltr'><strong>bi</strong></span> <span class='ocrx_word' id='word_1_235' title='bbox 999 3299 1161 3390; x_wconf 85' lang='lat' dir='ltr'><strong>praesidii</strong></span> 
     </span>
     <span class='ocr_line' id='line_1_30' title="bbox 122 3399 1162 3494; baseline 0 -24"><span class='ocrx_word' id='word_1_236' title='bbox 122 3403 300 3494; x_wconf 77' lang='lat' dir='ltr'><strong>praefecti)</strong></span> <span class='ocrx_word' id='word_1_237' title='bbox 321 3403 439 3473; x_wconf 75' lang='lat' dir='ltr'><strong>oridia</strong></span> <span class='ocrx_word' id='word_1_238' title='bbox 460 3409 607 3474; x_wconf 77' lang='grc' dir='ltr'><strong><em>τούτων</em></strong></span> <span class='ocrx_word' id='word_1_239' title='bbox 627 3404 785 3480; x_wconf 81' lang='grc' dir='ltr'><strong>ειδότες</strong></span> <span class='ocrx_word' id='word_1_240' title='bbox 810 3405 947 3486; x_wconf 73' lang='grc' dir='ltr'><strong>ιιβοήθο</strong></span> <span class='ocrx_word' id='word_1_241' title='bbox 931 3431 966 3470; x_wconf 86' lang='grc' dir='ltr'><strong>ιν</strong></span> <span class='ocrx_word' id='word_1_242' title='bbox 985 3399 1063 3489; x_wconf 74' lang='grc' dir='ltr'><strong>μετὰ</strong></span> <span class='ocrx_word' id='word_1_243' title='bbox 1084 3408 1162 3471; x_wconf 75' lang='grc' dir='ltr'><strong>τοι·</strong></span> 
     </span>
     <span class='ocr_line' id='line_1_31' title="bbox 126 3505 1163 3598; baseline 0 -24"><span class='ocrx_word' id='word_1_244' title='bbox 126 3509 241 3586; x_wconf 67' lang='lat' dir='ltr'><strong>russi:</strong></span> <span class='ocrx_word' id='word_1_245' title='bbox 263 3533 319 3587; x_wconf 83' lang='grc' dir='ltr'><strong>την</strong></span> <span class='ocrx_word' id='word_1_246' title='bbox 331 3505 457 3594; x_wconf 77' lang='grc' dir='ltr'><strong><em>αγοραν</em></strong></span> <span class='ocrx_word' id='word_1_247' title='bbox 501 3505 592 3598; x_wconf 77' lang='lat' dir='ltr'><strong>Quid</strong></span> <span class='ocrx_word' id='word_1_248' title='bbox 612 3506 701 3572; x_wconf 89' lang='lat' dir='ltr'><strong>enim</strong></span> <span class='ocrx_word' id='word_1_249' title='bbox 722 3505 771 3571; x_wconf 88' lang='lat' dir='ltr'><strong>sie</strong></span> <span class='ocrx_word' id='word_1_250' title='bbox 791 3513 863 3586; x_wconf 85' lang='lat' dir='ltr'><strong>est,</strong></span> <span class='ocrx_word' id='word_1_251' title='bbox 884 3507 975 3594; x_wconf 91' lang='lat' dir='ltr'><strong>quod</strong></span> <span class='ocrx_word' id='word_1_252' title='bbox 996 3505 1163 3596; x_wconf 89' lang='lat' dir='ltr'><strong>Pelopon-</strong></span> 
     </span>
     <span class='ocr_line' id='line_1_32' title="bbox 127 3609 1163 3700; baseline 0.002 -24"><span class='ocrx_word' id='word_1_253' title='bbox 127 3609 210 3676; x_wconf 87' lang='lat' dir='ltr'><strong>nesii</strong></span> <span class='ocrx_word' id='word_1_254' title='bbox 229 3610 410 3694; x_wconf 80' lang='lat' dir='ltr'><strong>nesciant,</strong></span> <span class='ocrx_word' id='word_1_255' title='bbox 404 3613 451 3679; x_wconf 89' lang='lat' dir='ltr'><strong>si</strong></span> <span class='ocrx_word' id='word_1_256' title='bbox 467 3613 502 3680; x_wconf 86' lang='lat' dir='ltr'><strong>in</strong></span> <span class='ocrx_word' id='word_1_257' title='bbox 518 3611 626 3676; x_wconf 85' lang='lat' dir='ltr'><strong>forum</strong></span> <span class='ocrx_word' id='word_1_258' title='bbox 643 3613 826 3699; x_wconf 88' lang='lat' dir='ltr'><strong>properant</strong></span> <span class='ocrx_word' id='word_1_259' title='bbox 837 3609 951 3700; x_wconf 86' lang='lat' dir='ltr'><strong>ibique</strong></span> <span class='ocrx_word' id='word_1_260' title='bbox 965 3633 1038 3677; x_wconf 89' lang='lat' dir='ltr'><strong>eum</strong></span> <span class='ocrx_word' id='word_1_261' title='bbox 1055 3611 1163 3680; x_wconf 86' lang='lat' dir='ltr'><strong>bosti-</strong></span> 
     </span>
     <span class='ocr_line' id='line_1_33' title="bbox 129 3659 1192 3805; baseline 0.004 -29"><span class='ocrx_word' id='word_1_262' title='bbox 129 3710 190 3776; x_wconf 82' lang='lat' dir='ltr'><strong>bss</strong></span> <span class='ocrx_word' id='word_1_263' title='bbox 216 3659 443 3800; x_wconf 74' lang='lat' dir='ltr'><strong>confligunii</strong></span> <span class='ocrx_word' id='word_1_264' title='bbox 466 3697 636 3783; x_wconf 81' lang='lat' dir='ltr'><strong>Nimirum</strong></span> <span class='ocrx_word' id='word_1_265' title='bbox 663 3714 764 3779; x_wconf 88' lang='lat' dir='ltr'><strong>etiam</strong></span> <span class='ocrx_word' id='word_1_266' title='bbox 794 3712 884 3800; x_wconf 90' lang='lat' dir='ltr'><strong>apud</strong></span> <span class='ocrx_word' id='word_1_267' title='bbox 907 3713 1192 3805; x_wconf 38' lang='lat' dir='ltr'><strong>Xenophontem*</strong></span> 
     </span>
     <span class='ocr_line' id='line_1_34' title="bbox 130 3813 1163 3906; baseline 0.004 -26"><span class='ocrx_word' id='word_1_268' title='bbox 130 3815 285 3906; x_wconf 87' lang='lat' dir='ltr'><strong>primitus</strong></span> <span class='ocrx_word' id='word_1_269' title='bbox 298 3827 468 3888; x_wconf 88' lang='lat' dir='ltr'><strong>narratum</strong></span> <span class='ocrx_word' id='word_1_270' title='bbox 482 3823 573 3899; x_wconf 86' lang='lat' dir='ltr'><strong>erat,</strong></span> <span class='ocrx_word' id='word_1_271' title='bbox 593 3813 875 3906; x_wconf 84' lang='lat' dir='ltr'><strong>Peloponnesios,</strong></span> <span class='ocrx_word' id='word_1_272' title='bbox 895 3819 1108 3886; x_wconf 75' lang='lat' dir='ltr'><strong>nescientes</strong></span> <span class='ocrx_word' id='word_1_273' title='bbox 1096 3839 1163 3885; x_wconf 86' lang='lat' dir='ltr'><strong>ram</strong></span> 
     </span>
     <span class='ocr_line' id='line_1_35' title="bbox 132 3920 1164 4016; baseline 0.002 -30"><span class='ocrx_word' id='word_1_274' title='bbox 132 3920 181 3986; x_wconf 86' lang='lat' dir='ltr'><strong>rel</strong></span> <span class='ocrx_word' id='word_1_275' title='bbox 195 3940 258 4016; x_wconf 88' lang='lat' dir='ltr'><strong>per</strong></span> <span class='ocrx_word' id='word_1_276' title='bbox 267 3941 384 3998; x_wconf 87' lang='lat' dir='ltr'><strong>muros</strong></span> <span class='ocrx_word' id='word_1_277' title='bbox 400 3924 454 3990; x_wconf 83' lang='lat' dir='ltr'><strong>vel</strong></span> <span class='ocrx_word' id='word_1_278' title='bbox 467 3943 530 4012; x_wconf 92' lang='lat' dir='ltr'><strong>per</strong></span> <span class='ocrx_word' id='word_1_279' title='bbox 542 3927 659 4012; x_wconf 86' lang='lat' dir='ltr'><strong>portas</strong></span> <span class='ocrx_word' id='word_1_280' title='bbox 674 3928 855 3990; x_wconf 87' lang='lat' dir='ltr'><strong>terrestres</strong></span> <span class='ocrx_word' id='word_1_281' title='bbox 871 3923 983 4014; x_wconf 87' lang='lat' dir='ltr'><strong>oopias</strong></span> <span class='ocrx_word' id='word_1_282' title='bbox 998 3924 1033 3990; x_wconf 90' lang='lat' dir='ltr'><strong>in</strong></span> <span class='ocrx_word' id='word_1_283' title='bbox 1046 3921 1164 3989; x_wconf 89' lang='lat' dir='ltr'><strong>urbem</strong></span> 
     </span>
    </p>
   </div>
   <div class='ocr_carea' id='block_1_9' title="bbox 134 4022 1164 4120">
    <p class='ocr_par' dir='ltr' id='par_1_9' title="bbox 134 4022 1164 4120">
     <span class='ocr_line' id='line_1_36' title="bbox 134 4022 1164 4120; baseline 0 -28"><span class='ocrx_word' id='word_1_284' title='bbox 134 4022 296 4097; x_wconf 85' lang='lat' dir='ltr'><strong>admissas</strong></span> <span class='ocrx_word' id='word_1_285' title='bbox 319 4045 428 4110; x_wconf 66' lang='lat' dir='ltr'><strong>esso,</strong></span> <span class='ocrx_word' id='word_1_286' title='bbox 443 4025 479 4096; x_wconf 92' lang='lat' dir='ltr'><strong>in</strong></span> <span class='ocrx_word' id='word_1_287' title='bbox 499 4024 823 4120; x_wconf 81' lang='lat' dir='ltr'><strong>portumdeeeptos·</strong></span> <span class='ocrx_word' id='word_1_288' title='bbox 839 4047 1040 4118; x_wconf 89' lang='lat' dir='ltr'><strong>properasse</strong></span> <span class='ocrx_word' id='word_1_289' title='bbox 1052 4031 1164 4116; x_wconf 81' lang='lat' dir='ltr'><strong>atque</strong></span> 
     </span>
    </p>
   </div>
   <div class='ocr_carea' id='block_1_10' title="bbox 0 0 1441 4830">
    <p class='ocr_par' dir='ltr' id='par_1_10' title="bbox 0 0 1441 4830">
     <span class='ocr_line' id='line_1_37' title="bbox 0 0 1441 4830; baseline 0 0"><span class='ocrx_word' id='word_1_290' title='bbox 0 0 1441 4830; x_wconf 95' lang='lat' dir='ltr'><strong> </strong></span> 
     </span>
    </p>
   </div>
  </div>
 </body>
</html>
