2802 4830
45 1621 47 1626 ,
135 1605 219 1720 Ad
238 1647 416 1736 traotonolo
428 1647 482 1718 lus
498 1641 833 1716 commentationibus
845 1643 1080 1740 Xenophontis
1091 1579 1178 1720 nol·
1270 1640 1275 1650 “

136 1757 246 1834 lenies
257 1778 311 1824 me
324 1755 556 1843 eompulerunt
568 1750 781 1840 potissimum
794 1747 893 1816 hero:

239 1875 278 1960 1)
300 1873 448 1944 Primus
466 1869 620 1940 videbam
639 1887 702 1958 por
725 1863 810 1934 duos
830 1867 963 1958 priores
980 1867 1090 1938 liloros
1107 1869 1179 1940 sin·
1182 1873 1188 1900 ¹
1225 1877 1227 1882 '

138 1981 238 2068 gulos
253 1997 356 2042 annos
371 1993 431 2041 neo
451 1974 535 2040 sotis
553 1975 749 2038 constanter
763 1991 824 2037 neo
842 1977 934 2039 neoto
949 1993 1063 2044 omnes
1078 1981 1115 2043 ot
1127 1975 1179 2044 in·

137 2079 270 2170 tendum
286 2077 340 2144 illi
354 2077 458 2144 aetati
470 2075 580 2142 minos
593 2075 827 2144 oonvenienter
838 2073 969 2160 noteri3

237 2199 290 2284 2)·
306 2197 438 2262 Deinde
459 2192 638 2292 eorundem
664 2194 829 2262 lilorornrn
855 2187 1036 2266 lectionem
1059 2193 1178 2264 multis
1285 2158 1296 2194 x

135 2299 393 2372 oilfieoltotibue
412 2297 586 2390 impediri,
606 2299 705 2384 longe
717 2299 789 2366 illis
803 2298 889 2366 nlius
905 2299 1056 2387 generis,
1076 2319 1177 2388 quom

136 2429 223 2498 quae
235 2405 270 2472 in
285 2404 458 2504 plerisque
474 2410 630 2471 veterum
627 2403 777 2493 seriptis
792 2401 960 2470 offendero
976 2403 1105 2486 solont;

141 2557 143 2567 v
237 2525 277 2614 3)
297 2524 412 2609 Atque
427 2522 488 2590 hos
501 2519 636 2612 quidem
652 2519 872 2590 difficultates
886 2521 1104 2590 observabam
1120 2543 1179 2590 ns·

134 2643 303 2720 qusquam
323 2647 423 2716 poree
445 2627 481 2692 in
502 2625 643 2711 singulis
666 2625 835 2714 onpitibns
857 2626 1001 2694 moveri.
1024 2633 1178 2698 steorte

136 2730 324 2822 quasdam'
314 2753 349 2795 ιιι
360 2730 403 2794 iis
418 2727 598 2796 diversitas
611 2729 718 2796 stetui
732 2751 831 2818 posse
846 2728 1035 2828 videreturj
1159 2741 1161 2746 '

240 2847 279 2932 4)
301 2845 452 2932 Denique
474 2845 624 2916 dubitari
642 2869 818 2930 noveram,
838 2871 906 2938 quo
927 2845 1184 2940 Xenophonti

135 2947 189 3018 los
202 2949 363 3018 historias
378 2950 518 3019 oonsilio
534 2951 797 3042 composuissem

237 3070 277 3158 5)
298 3069 416 3154 Atque
439 3088 514 3136 esso
535 3070 594 3160 qui
615 3075 822 3152 statuerent,
844 3075 880 3137 et
893 3068 1025 3160 priores
1038 3065 1179 3144 dnosli·

135 3171 216 3240 bros
242 3180 277 3240 et
303 3172 509 3260 posteriores
537 3173 684 3263 quinquo
704 3195 767 3264 per
788 3194 826 3242 se
849 3195 1001 3264 quosque
1024 3179 1179 3242 oonstore
1269 3201 1271 3207 ⁴

136 3275 225 3342 snnle
242 3275 358 3342 eodem
374 3277 541 3344 volumine
556 3277 825 3366 comprehensos.

138 3471 142 3485 .
237 3421 290 3492 Ut
304 3423 410 3510 igitur
423 3425 491 3494 fort
503 3425 639 3494 humani
651 3425 777 3514 ingenii
791 3433 930 3510 nature,
952 3445 1054 3514 quum
1069 3375 1111 3490 sle
1124 3421 1178 3490 lois

136 3525 299 3594 nihildum
318 3535 472 3597 oonstnrs
486 3529 651 3614 viderem,
670 3532 746 3622 ipso
761 3532 907 3600 virorum
921 3527 1095 3604 doctorum
1109 3525 1190 3596 dis-¹

140 3630 251 3696 sensio
273 3634 496 3722 meimpulit,
517 3644 557 3702 ut
575 3657 683 3702 meam
704 3659 838 3724 quoque
858 3636 910 3704 his
927 3632 1027 3700 libris
1043 3651 1179 3724 opernm

136 3725 305 3824 notorem.
346 3733 503 3805 Intellexi
525 3747 656 3819 eutem,
678 3761 781 3827 quum
795 3737 1061 3830 per-eomplures
1076 3755 1180 3801 nonos

137 3833 201 3901 lroo
218 3856 325 3901 meum
340 3839 488 3908 studium
503 3854 605 3932 saepe
623 3851 818 3912 renovatum
840 3845 1041 3930 agitassent,
1060 3859 1119 3904 ⁰⁰⁸
1131 3837 1182 3904 Vl·
1295 3913 1299 3930 .

136 3959 213 4021 ¹⁰⁸2
235 3933 414 4010 historiens
438 3947 671 4036 potissimum,
697 3949 758 4038 qui
778 3970 882 4038 quum
905 3965 1009 4012 annos
1030 3943 1181 4033 plerum-

137 4065 203 4132 que
222 4043 311 4112 lolso
325 4047 438 4114 notari
450 4057 644 4137 cernerent,
663 4051 725 4122 lios
736 4059 837 4124 notos
852 4045 1035 4119 enoiendes
1049 4041 1179 4114 intlios·
1313 4091 1316 4100 .

444 4152 451 4168 ‘
944 4154 966 4220 1
